%YAML 1.1
%TAG !u! tag:unity3d.com,2011:
--- !u!1 &111918757553563469
GameObject:
  m_ObjectHideFlags: 0
  m_CorrespondingSourceObject: {fileID: 0}
  m_PrefabInstance: {fileID: 0}
  m_PrefabAsset: {fileID: 0}
  serializedVersion: 6
  m_Component:
  - component: {fileID: 4064170415729812251}
  - component: {fileID: 395352022}
  - component: {fileID: 395352023}
  - component: {fileID: 395352021}
  - component: {fileID: 395352024}
  m_Layer: 10
  m_Name: mixamorig:RightLeg
  m_TagString: Untagged
  m_Icon: {fileID: 0}
  m_NavMeshLayer: 0
  m_StaticEditorFlags: 0
  m_IsActive: 1
--- !u!4 &4064170415729812251
Transform:
  m_ObjectHideFlags: 0
  m_CorrespondingSourceObject: {fileID: 0}
  m_PrefabInstance: {fileID: 0}
  m_PrefabAsset: {fileID: 0}
  m_GameObject: {fileID: 111918757553563469}
  m_LocalRotation: {x: -0.0018873791, y: 0.00030360915, z: -0.031901803, w: 0.9994892}
  m_LocalPosition: {x: -0.00000000387663, y: 1.1497544, z: -1.641456e-10}
  m_LocalScale: {x: 0.9999999, y: 0.99999976, z: 0.9999998}
  m_Children:
  - {fileID: 1767061479332896029}
  m_Father: {fileID: 7761453094842710301}
  m_RootOrder: 0
  m_LocalEulerAnglesHint: {x: 0, y: 0, z: 0}
--- !u!54 &395352022
Rigidbody:
  m_ObjectHideFlags: 0
  m_CorrespondingSourceObject: {fileID: 0}
  m_PrefabInstance: {fileID: 0}
  m_PrefabAsset: {fileID: 0}
  m_GameObject: {fileID: 111918757553563469}
  serializedVersion: 2
  m_Mass: 1.875
  m_Drag: 0
  m_AngularDrag: 0.05
  m_UseGravity: 1
  m_IsKinematic: 0
  m_Interpolate: 0
  m_Constraints: 0
  m_CollisionDetection: 0
--- !u!136 &395352023
CapsuleCollider:
  m_ObjectHideFlags: 0
  m_CorrespondingSourceObject: {fileID: 0}
  m_PrefabInstance: {fileID: 0}
  m_PrefabAsset: {fileID: 0}
  m_GameObject: {fileID: 111918757553563469}
  m_Material: {fileID: 0}
  m_IsTrigger: 0
  m_Enabled: 1
  m_Radius: 0.3443917
  m_Height: 1.3775668
  m_Direction: 1
  m_Center: {x: 0, y: 0.6887834, z: 0}
--- !u!144 &395352021
CharacterJoint:
  m_ObjectHideFlags: 0
  m_CorrespondingSourceObject: {fileID: 0}
  m_PrefabInstance: {fileID: 0}
  m_PrefabAsset: {fileID: 0}
  m_GameObject: {fileID: 111918757553563469}
  m_ConnectedBody: {fileID: 783464675}
  m_Anchor: {x: 0, y: 0, z: 0}
  m_Axis: {x: -1, y: 0, z: 0}
  m_AutoConfigureConnectedAnchor: 1
  m_ConnectedAnchor: {x: 0.000000007450651, y: 1.1497554, z: -0.00000005960474}
  serializedVersion: 2
  m_SwingAxis: {x: 0, y: 0, z: 1}
  m_TwistLimitSpring:
    spring: 0
    damper: 0
  m_LowTwistLimit:
    limit: -80
    bounciness: 0
    contactDistance: 0
  m_HighTwistLimit:
    limit: 0
    bounciness: 0
    contactDistance: 0
  m_SwingLimitSpring:
    spring: 0
    damper: 0
  m_Swing1Limit:
    limit: 0
    bounciness: 0
    contactDistance: 0
  m_Swing2Limit:
    limit: 0
    bounciness: 0
    contactDistance: 0
  m_EnableProjection: 0
  m_ProjectionDistance: 0.1
  m_ProjectionAngle: 180
  m_BreakForce: Infinity
  m_BreakTorque: Infinity
  m_EnableCollision: 0
  m_EnablePreprocessing: 0
  m_MassScale: 1
  m_ConnectedMassScale: 1
--- !u!114 &395352024
MonoBehaviour:
  m_ObjectHideFlags: 0
  m_CorrespondingSourceObject: {fileID: 0}
  m_PrefabInstance: {fileID: 0}
  m_PrefabAsset: {fileID: 0}
  m_GameObject: {fileID: 111918757553563469}
  m_Enabled: 1
  m_EditorHideFlags: 0
  m_Script: {fileID: 11500000, guid: 5fa2209613f518040956432ec70f9dd1, type: 3}
  m_Name: 
  m_EditorClassIdentifier: 
  _sprites: {fileID: 11400000, guid: 233b73c6890b1e645ae40efbf0c93092, type: 2}
  _randomOffset: {x: 0.2, y: 0, z: 0.2}
  _randomScale: {x: 0.4, y: 0, z: 0.4}
  _bloodItemPrefab: {fileID: 2222123102274608074, guid: 929341244b251d643a310c085472ec64,
    type: 3}
  _soundTrigger: {fileID: 0}
--- !u!1 &168610692031372010
GameObject:
  m_ObjectHideFlags: 0
  m_CorrespondingSourceObject: {fileID: 0}
  m_PrefabInstance: {fileID: 0}
  m_PrefabAsset: {fileID: 0}
  serializedVersion: 6
  m_Component:
  - component: {fileID: 3459123789663871019}
  m_Layer: 10
  m_Name: mixamorig:LeftToe_End_end
  m_TagString: Untagged
  m_Icon: {fileID: 0}
  m_NavMeshLayer: 0
  m_StaticEditorFlags: 0
  m_IsActive: 1
--- !u!4 &3459123789663871019
Transform:
  m_ObjectHideFlags: 0
  m_CorrespondingSourceObject: {fileID: 0}
  m_PrefabInstance: {fileID: 0}
  m_PrefabAsset: {fileID: 0}
  m_GameObject: {fileID: 168610692031372010}
  m_LocalRotation: {x: 0, y: -0, z: -0, w: 1}
  m_LocalPosition: {x: -0, y: 0.14239989, z: 0}
  m_LocalScale: {x: 1, y: 1, z: 1}
  m_Children: []
  m_Father: {fileID: 4995453208148430379}
  m_RootOrder: 0
  m_LocalEulerAnglesHint: {x: 0, y: 0, z: 0}
--- !u!1 &326632732859837340
GameObject:
  m_ObjectHideFlags: 0
  m_CorrespondingSourceObject: {fileID: 0}
  m_PrefabInstance: {fileID: 0}
  m_PrefabAsset: {fileID: 0}
  serializedVersion: 6
  m_Component:
  - component: {fileID: 7836023624360911585}
  - component: {fileID: 1071119981603976429}
  m_Layer: 2
  m_Name: VoodooCustomCharacter.001
  m_TagString: Untagged
  m_Icon: {fileID: 0}
  m_NavMeshLayer: 0
  m_StaticEditorFlags: 0
  m_IsActive: 1
--- !u!4 &7836023624360911585
Transform:
  m_ObjectHideFlags: 0
  m_CorrespondingSourceObject: {fileID: 0}
  m_PrefabInstance: {fileID: 0}
  m_PrefabAsset: {fileID: 0}
  m_GameObject: {fileID: 326632732859837340}
  m_LocalRotation: {x: 0.7071068, y: -4.6303926e-11, z: 1.2862202e-10, w: 0.7071067}
  m_LocalPosition: {x: 0.000000022351742, y: 2.4915783, z: -0.039}
  m_LocalScale: {x: 0.009999998, y: 0.01, z: 0.01}
  m_Children: []
  m_Father: {fileID: 4231780607377482488}
  m_RootOrder: 1
  m_LocalEulerAnglesHint: {x: 0, y: 0, z: 0}
--- !u!137 &1071119981603976429
SkinnedMeshRenderer:
  m_ObjectHideFlags: 0
  m_CorrespondingSourceObject: {fileID: 0}
  m_PrefabInstance: {fileID: 0}
  m_PrefabAsset: {fileID: 0}
  m_GameObject: {fileID: 326632732859837340}
  m_Enabled: 1
  m_CastShadows: 1
  m_ReceiveShadows: 1
  m_DynamicOccludee: 1
  m_MotionVectors: 1
  m_LightProbeUsage: 1
  m_ReflectionProbeUsage: 1
  m_RayTracingMode: 3
  m_RenderingLayerMask: 1
  m_RendererPriority: 0
  m_Materials:
  - {fileID: 2100000, guid: 17e2981f5f70d0b43af956a4431d1667, type: 2}
  m_StaticBatchInfo:
    firstSubMesh: 0
    subMeshCount: 0
  m_StaticBatchRoot: {fileID: 0}
  m_ProbeAnchor: {fileID: 0}
  m_LightProbeVolumeOverride: {fileID: 0}
  m_ScaleInLightmap: 1
  m_ReceiveGI: 1
  m_PreserveUVs: 0
  m_IgnoreNormalsForChartDetection: 0
  m_ImportantGI: 0
  m_StitchLightmapSeams: 1
  m_SelectedEditorRenderState: 3
  m_MinimumChartSize: 4
  m_AutoUVMaxDistance: 0.5
  m_AutoUVMaxAngle: 89
  m_LightmapParameters: {fileID: 0}
  m_SortingLayerID: 0
  m_SortingLayer: 0
  m_SortingOrder: 0
  serializedVersion: 2
  m_Quality: 0
  m_UpdateWhenOffscreen: 0
  m_SkinnedMotionVectors: 1
  m_Mesh: {fileID: -8786574049616473097, guid: 9a6f743fcd33de84eb2c1dc28ef5f24d, type: 3}
  m_Bones:
  - {fileID: 4816578159195579105}
  - {fileID: 1424758287132925258}
  - {fileID: 3374170313409794594}
  - {fileID: 8099931049758329020}
  - {fileID: 409357146954842339}
  - {fileID: 69960043627592509}
  - {fileID: 1361074918964529553}
  - {fileID: 870213909854535221}
  - {fileID: 2927822244303383162}
  - {fileID: 7570507175098286131}
  - {fileID: 3663268086109077565}
  - {fileID: 8354198673897923870}
  - {fileID: 6444952016537950516}
  - {fileID: 9194365206495978523}
  - {fileID: 6684414321266881829}
  - {fileID: 5571727489399236473}
  - {fileID: 6991348350115276614}
  - {fileID: 8716240580996004658}
  - {fileID: 5599180963196864112}
  - {fileID: 4995453208148430379}
  - {fileID: 7761453094842710301}
  - {fileID: 4064170415729812251}
  - {fileID: 1767061479332896029}
  - {fileID: 5637970164566494297}
  - {fileID: 445699715551203715}
  m_BlendShapeWeights: []
  m_RootBone: {fileID: 4816578159195579105}
  m_AABB:
    m_Center: {x: 0.0011495352, y: 0.13946974, z: -0.10542405}
    m_Extent: {x: 2.3372083, y: 3.2582746, z: 1.1870255}
  m_DirtyAABB: 0
--- !u!1 &639892786043521945
GameObject:
  m_ObjectHideFlags: 0
  m_CorrespondingSourceObject: {fileID: 0}
  m_PrefabInstance: {fileID: 0}
  m_PrefabAsset: {fileID: 0}
  serializedVersion: 6
  m_Component:
  - component: {fileID: 5571727489399236473}
  - component: {fileID: 1867216403}
  - component: {fileID: 1867216405}
  - component: {fileID: 1867216404}
  - component: {fileID: 1867216402}
  m_Layer: 10
  m_Name: mixamorig:LeftUpLeg
  m_TagString: Untagged
  m_Icon: {fileID: 0}
  m_NavMeshLayer: 0
  m_StaticEditorFlags: 0
  m_IsActive: 1
--- !u!4 &5571727489399236473
Transform:
  m_ObjectHideFlags: 0
  m_CorrespondingSourceObject: {fileID: 0}
  m_PrefabInstance: {fileID: 0}
  m_PrefabAsset: {fileID: 0}
  m_GameObject: {fileID: 639892786043521945}
  m_LocalRotation: {x: 0.00014163076, y: -0.009061625, z: 0.99983156, w: 0.015961185}
  m_LocalPosition: {x: -0.26285833, y: -0.1352057, z: 0.009401251}
  m_LocalScale: {x: 1.0001311, y: 0.99999994, z: 1.0000033}
  m_Children:
  - {fileID: 6991348350115276614}
  m_Father: {fileID: 4816578159195579105}
  m_RootOrder: 0
  m_LocalEulerAnglesHint: {x: 0, y: 0, z: 0}
--- !u!54 &1867216403
Rigidbody:
  m_ObjectHideFlags: 0
  m_CorrespondingSourceObject: {fileID: 0}
  m_PrefabInstance: {fileID: 0}
  m_PrefabAsset: {fileID: 0}
  m_GameObject: {fileID: 639892786043521945}
  serializedVersion: 2
  m_Mass: 1.875
  m_Drag: 0
  m_AngularDrag: 0.05
  m_UseGravity: 1
  m_IsKinematic: 0
  m_Interpolate: 0
  m_Constraints: 0
  m_CollisionDetection: 0
--- !u!136 &1867216405
CapsuleCollider:
  m_ObjectHideFlags: 0
  m_CorrespondingSourceObject: {fileID: 0}
  m_PrefabInstance: {fileID: 0}
  m_PrefabAsset: {fileID: 0}
  m_GameObject: {fileID: 639892786043521945}
  m_Material: {fileID: 0}
  m_IsTrigger: 0
  m_Enabled: 1
  m_Radius: 0.34489197
  m_Height: 1.1496398
  m_Direction: 1
  m_Center: {x: 0, y: 0.5748199, z: 0}
--- !u!144 &1867216404
CharacterJoint:
  m_ObjectHideFlags: 0
  m_CorrespondingSourceObject: {fileID: 0}
  m_PrefabInstance: {fileID: 0}
  m_PrefabAsset: {fileID: 0}
  m_GameObject: {fileID: 639892786043521945}
  m_ConnectedBody: {fileID: 308636477}
  m_Anchor: {x: 0, y: 0, z: 0}
  m_Axis: {x: -1, y: 0, z: 0}
  m_AutoConfigureConnectedAnchor: 1
  m_ConnectedAnchor: {x: -0.26285833, y: -0.13520563, z: 0.009401041}
  serializedVersion: 2
  m_SwingAxis: {x: 0, y: 0, z: 1}
  m_TwistLimitSpring:
    spring: 0
    damper: 0
  m_LowTwistLimit:
    limit: -20
    bounciness: 0
    contactDistance: 0
  m_HighTwistLimit:
    limit: 70
    bounciness: 0
    contactDistance: 0
  m_SwingLimitSpring:
    spring: 0
    damper: 0
  m_Swing1Limit:
    limit: 30
    bounciness: 0
    contactDistance: 0
  m_Swing2Limit:
    limit: 0
    bounciness: 0
    contactDistance: 0
  m_EnableProjection: 0
  m_ProjectionDistance: 0.1
  m_ProjectionAngle: 180
  m_BreakForce: Infinity
  m_BreakTorque: Infinity
  m_EnableCollision: 0
  m_EnablePreprocessing: 0
  m_MassScale: 1
  m_ConnectedMassScale: 1
--- !u!114 &1867216402
MonoBehaviour:
  m_ObjectHideFlags: 0
  m_CorrespondingSourceObject: {fileID: 0}
  m_PrefabInstance: {fileID: 0}
  m_PrefabAsset: {fileID: 0}
  m_GameObject: {fileID: 639892786043521945}
  m_Enabled: 1
  m_EditorHideFlags: 0
  m_Script: {fileID: 11500000, guid: 5fa2209613f518040956432ec70f9dd1, type: 3}
  m_Name: 
  m_EditorClassIdentifier: 
  _sprites: {fileID: 11400000, guid: 233b73c6890b1e645ae40efbf0c93092, type: 2}
  _randomOffset: {x: 0.2, y: 0, z: 0.2}
  _randomScale: {x: 0.4, y: 0, z: 0.4}
  _bloodItemPrefab: {fileID: 2222123102274608074, guid: 929341244b251d643a310c085472ec64,
    type: 3}
  _soundTrigger: {fileID: 0}
--- !u!1 &800067112394908721
GameObject:
  m_ObjectHideFlags: 0
  m_CorrespondingSourceObject: {fileID: 0}
  m_PrefabInstance: {fileID: 0}
  m_PrefabAsset: {fileID: 0}
  serializedVersion: 6
  m_Component:
  - component: {fileID: 7761453094842710301}
  - component: {fileID: 783464675}
  - component: {fileID: 783464677}
  - component: {fileID: 783464676}
  - component: {fileID: 783464674}
  m_Layer: 10
  m_Name: mixamorig:RightUpLeg
  m_TagString: Untagged
  m_Icon: {fileID: 0}
  m_NavMeshLayer: 0
  m_StaticEditorFlags: 0
  m_IsActive: 1
--- !u!4 &7761453094842710301
Transform:
  m_ObjectHideFlags: 0
  m_CorrespondingSourceObject: {fileID: 0}
  m_PrefabInstance: {fileID: 0}
  m_PrefabAsset: {fileID: 0}
  m_GameObject: {fileID: 800067112394908721}
  m_LocalRotation: {x: -0.00029974102, y: -0.014381064, z: 0.9997688, w: -0.015985444}
  m_LocalPosition: {x: 0.26285836, y: -0.13520582, z: 0.0116457585}
  m_LocalScale: {x: 0.9999906, y: 1, z: 0.9999985}
  m_Children:
  - {fileID: 4064170415729812251}
  m_Father: {fileID: 4816578159195579105}
  m_RootOrder: 1
  m_LocalEulerAnglesHint: {x: 0, y: 0, z: 0}
--- !u!54 &783464675
Rigidbody:
  m_ObjectHideFlags: 0
  m_CorrespondingSourceObject: {fileID: 0}
  m_PrefabInstance: {fileID: 0}
  m_PrefabAsset: {fileID: 0}
  m_GameObject: {fileID: 800067112394908721}
  serializedVersion: 2
  m_Mass: 1.875
  m_Drag: 0
  m_AngularDrag: 0.05
  m_UseGravity: 1
  m_IsKinematic: 0
  m_Interpolate: 0
  m_Constraints: 0
  m_CollisionDetection: 0
--- !u!136 &783464677
CapsuleCollider:
  m_ObjectHideFlags: 0
  m_CorrespondingSourceObject: {fileID: 0}
  m_PrefabInstance: {fileID: 0}
  m_PrefabAsset: {fileID: 0}
  m_GameObject: {fileID: 800067112394908721}
  m_Material: {fileID: 0}
  m_IsTrigger: 0
  m_Enabled: 1
  m_Radius: 0.34492663
  m_Height: 1.1497554
  m_Direction: 1
  m_Center: {x: 0, y: 0.5748777, z: 0}
--- !u!144 &783464676
CharacterJoint:
  m_ObjectHideFlags: 0
  m_CorrespondingSourceObject: {fileID: 0}
  m_PrefabInstance: {fileID: 0}
  m_PrefabAsset: {fileID: 0}
  m_GameObject: {fileID: 800067112394908721}
  m_ConnectedBody: {fileID: 308636477}
  m_Anchor: {x: 0, y: 0, z: 0}
  m_Axis: {x: -1, y: 0, z: 0}
  m_AutoConfigureConnectedAnchor: 1
  m_ConnectedAnchor: {x: 0.26285836, y: -0.13520586, z: 0.011645784}
  serializedVersion: 2
  m_SwingAxis: {x: 0, y: 0, z: 1}
  m_TwistLimitSpring:
    spring: 0
    damper: 0
  m_LowTwistLimit:
    limit: -20
    bounciness: 0
    contactDistance: 0
  m_HighTwistLimit:
    limit: 70
    bounciness: 0
    contactDistance: 0
  m_SwingLimitSpring:
    spring: 0
    damper: 0
  m_Swing1Limit:
    limit: 30
    bounciness: 0
    contactDistance: 0
  m_Swing2Limit:
    limit: 0
    bounciness: 0
    contactDistance: 0
  m_EnableProjection: 0
  m_ProjectionDistance: 0.1
  m_ProjectionAngle: 180
  m_BreakForce: Infinity
  m_BreakTorque: Infinity
  m_EnableCollision: 0
  m_EnablePreprocessing: 0
  m_MassScale: 1
  m_ConnectedMassScale: 1
--- !u!114 &783464674
MonoBehaviour:
  m_ObjectHideFlags: 0
  m_CorrespondingSourceObject: {fileID: 0}
  m_PrefabInstance: {fileID: 0}
  m_PrefabAsset: {fileID: 0}
  m_GameObject: {fileID: 800067112394908721}
  m_Enabled: 1
  m_EditorHideFlags: 0
  m_Script: {fileID: 11500000, guid: 5fa2209613f518040956432ec70f9dd1, type: 3}
  m_Name: 
  m_EditorClassIdentifier: 
  _sprites: {fileID: 11400000, guid: 233b73c6890b1e645ae40efbf0c93092, type: 2}
  _randomOffset: {x: 0.2, y: 0, z: 0.2}
  _randomScale: {x: 0.4, y: 0, z: 0.4}
  _bloodItemPrefab: {fileID: 2222123102274608074, guid: 929341244b251d643a310c085472ec64,
    type: 3}
  _soundTrigger: {fileID: 0}
--- !u!1 &1062178972189582767
GameObject:
  m_ObjectHideFlags: 0
  m_CorrespondingSourceObject: {fileID: 0}
  m_PrefabInstance: {fileID: 0}
  m_PrefabAsset: {fileID: 0}
  serializedVersion: 6
  m_Component:
  - component: {fileID: 1767061479332896029}
  m_Layer: 10
  m_Name: mixamorig:RightFoot
  m_TagString: Untagged
  m_Icon: {fileID: 0}
  m_NavMeshLayer: 0
  m_StaticEditorFlags: 0
  m_IsActive: 1
--- !u!4 &1767061479332896029
Transform:
  m_ObjectHideFlags: 0
  m_CorrespondingSourceObject: {fileID: 0}
  m_PrefabInstance: {fileID: 0}
  m_PrefabAsset: {fileID: 0}
  m_GameObject: {fileID: 1062178972189582767}
  m_LocalRotation: {x: 0.43728524, y: -0.0054373117, z: 0.0073250923, w: 0.8992766}
  m_LocalPosition: {x: -0.0000000066286883, y: 1.1531671, z: -4.749745e-10}
  m_LocalScale: {x: 0.9999998, y: 0.99999994, z: 0.9999999}
  m_Children:
  - {fileID: 5637970164566494297}
  m_Father: {fileID: 4064170415729812251}
  m_RootOrder: 0
  m_LocalEulerAnglesHint: {x: 0, y: 0, z: 0}
--- !u!1 &1084998344963716087
GameObject:
  m_ObjectHideFlags: 0
  m_CorrespondingSourceObject: {fileID: 0}
  m_PrefabInstance: {fileID: 0}
  m_PrefabAsset: {fileID: 0}
  serializedVersion: 6
  m_Component:
  - component: {fileID: 8099931049758329020}
  m_Layer: 10
  m_Name: mixamorig:Spine2
  m_TagString: Untagged
  m_Icon: {fileID: 0}
  m_NavMeshLayer: 0
  m_StaticEditorFlags: 0
  m_IsActive: 1
--- !u!4 &8099931049758329020
Transform:
  m_ObjectHideFlags: 0
  m_CorrespondingSourceObject: {fileID: 0}
  m_PrefabInstance: {fileID: 0}
  m_PrefabAsset: {fileID: 0}
  m_GameObject: {fileID: 1084998344963716087}
  m_LocalRotation: {x: -0.000000008381902, y: -2.4563955e-20, z: -4.0710527e-20, w: 1}
  m_LocalPosition: {x: 6.040628e-13, y: 0.32483238, z: 1.0658141e-16}
  m_LocalScale: {x: 1, y: 0.99999994, z: 1}
  m_Children:
  - {fileID: 870213909854535221}
  - {fileID: 409357146954842339}
  - {fileID: 8354198673897923870}
  - {fileID: 6643680302205457507}
  m_Father: {fileID: 3374170313409794594}
  m_RootOrder: 0
  m_LocalEulerAnglesHint: {x: 0, y: 0, z: 0}
--- !u!1 &1569134107193218709
GameObject:
  m_ObjectHideFlags: 0
  m_CorrespondingSourceObject: {fileID: 0}
  m_PrefabInstance: {fileID: 0}
  m_PrefabAsset: {fileID: 0}
  serializedVersion: 6
  m_Component:
  - component: {fileID: 601723651274243346}
  m_Layer: 10
  m_Name: mixamorig:HeadTop_End_end
  m_TagString: Untagged
  m_Icon: {fileID: 0}
  m_NavMeshLayer: 0
  m_StaticEditorFlags: 0
  m_IsActive: 1
--- !u!4 &601723651274243346
Transform:
  m_ObjectHideFlags: 0
  m_CorrespondingSourceObject: {fileID: 0}
  m_PrefabInstance: {fileID: 0}
  m_PrefabAsset: {fileID: 0}
  m_GameObject: {fileID: 1569134107193218709}
  m_LocalRotation: {x: 0, y: -0, z: -0, w: 1}
  m_LocalPosition: {x: -0, y: 0.93015605, z: 0}
  m_LocalScale: {x: 1, y: 1, z: 1}
  m_Children: []
  m_Father: {fileID: 1361074918964529553}
  m_RootOrder: 0
  m_LocalEulerAnglesHint: {x: 0, y: 0, z: 0}
--- !u!1 &1707186221518696822
GameObject:
  m_ObjectHideFlags: 0
  m_CorrespondingSourceObject: {fileID: 0}
  m_PrefabInstance: {fileID: 0}
  m_PrefabAsset: {fileID: 0}
  serializedVersion: 6
  m_Component:
  - component: {fileID: 4995453208148430379}
  m_Layer: 10
  m_Name: mixamorig:LeftToe_End
  m_TagString: Untagged
  m_Icon: {fileID: 0}
  m_NavMeshLayer: 0
  m_StaticEditorFlags: 0
  m_IsActive: 1
--- !u!4 &4995453208148430379
Transform:
  m_ObjectHideFlags: 0
  m_CorrespondingSourceObject: {fileID: 0}
  m_PrefabInstance: {fileID: 0}
  m_PrefabAsset: {fileID: 0}
  m_GameObject: {fileID: 1707186221518696822}
  m_LocalRotation: {x: -0.000000014062608, y: 0.0000008461465, z: 3.7107384e-10, w: 1}
  m_LocalPosition: {x: -0.000000028919311, y: 0.14239931, z: -0.0000000015646219}
  m_LocalScale: {x: 1.0000001, y: 0.99999994, z: 1}
  m_Children:
  - {fileID: 3459123789663871019}
  m_Father: {fileID: 5599180963196864112}
  m_RootOrder: 0
  m_LocalEulerAnglesHint: {x: 0, y: 0, z: 0}
--- !u!1 &1796899586974454564
GameObject:
  m_ObjectHideFlags: 0
  m_CorrespondingSourceObject: {fileID: 0}
  m_PrefabInstance: {fileID: 0}
  m_PrefabAsset: {fileID: 0}
  serializedVersion: 6
  m_Component:
  - component: {fileID: 1361074918964529553}
  m_Layer: 10
  m_Name: mixamorig:HeadTop_End
  m_TagString: Untagged
  m_Icon: {fileID: 0}
  m_NavMeshLayer: 0
  m_StaticEditorFlags: 0
  m_IsActive: 1
--- !u!4 &1361074918964529553
Transform:
  m_ObjectHideFlags: 0
  m_CorrespondingSourceObject: {fileID: 0}
  m_PrefabInstance: {fileID: 0}
  m_PrefabAsset: {fileID: 0}
  m_GameObject: {fileID: 1796899586974454564}
  m_LocalRotation: {x: -5.551116e-17, y: 3.0984324e-21, z: 1.08735525e-20, w: 1}
  m_LocalPosition: {x: -8.7827765e-13, y: 0.9283562, z: -0.057842407}
  m_LocalScale: {x: 1, y: 1, z: 1}
  m_Children:
  - {fileID: 601723651274243346}
  m_Father: {fileID: 69960043627592509}
  m_RootOrder: 0
  m_LocalEulerAnglesHint: {x: 0, y: 0, z: 0}
--- !u!1 &2073863673855228527
GameObject:
  m_ObjectHideFlags: 0
  m_CorrespondingSourceObject: {fileID: 0}
  m_PrefabInstance: {fileID: 0}
  m_PrefabAsset: {fileID: 0}
  serializedVersion: 6
  m_Component:
  - component: {fileID: 3374170313409794594}
  - component: {fileID: 1984030877}
  - component: {fileID: 1984030879}
  - component: {fileID: 1984030878}
  - component: {fileID: 1984030876}
  - component: {fileID: 1984030881}
  - component: {fileID: 1984030880}
  m_Layer: 10
  m_Name: mixamorig:Spine1
  m_TagString: Untagged
  m_Icon: {fileID: 0}
  m_NavMeshLayer: 0
  m_StaticEditorFlags: 0
  m_IsActive: 1
--- !u!4 &3374170313409794594
Transform:
  m_ObjectHideFlags: 0
  m_CorrespondingSourceObject: {fileID: 0}
  m_PrefabInstance: {fileID: 0}
  m_PrefabAsset: {fileID: 0}
  m_GameObject: {fileID: 2073863673855228527}
  m_LocalRotation: {x: 0.000000035390254, y: -7.0231466e-14, z: 6.7983396e-13, w: 1}
  m_LocalPosition: {x: -4.978903e-13, y: 0.2842278, z: 0.0000000035762786}
  m_LocalScale: {x: 1, y: 1, z: 1}
  m_Children:
  - {fileID: 8099931049758329020}
  m_Father: {fileID: 1424758287132925258}
  m_RootOrder: 0
  m_LocalEulerAnglesHint: {x: 0, y: 0, z: 0}
--- !u!54 &1984030877
Rigidbody:
  m_ObjectHideFlags: 0
  m_CorrespondingSourceObject: {fileID: 0}
  m_PrefabInstance: {fileID: 0}
  m_PrefabAsset: {fileID: 0}
  m_GameObject: {fileID: 2073863673855228527}
  serializedVersion: 2
  m_Mass: 3.125
  m_Drag: 0
  m_AngularDrag: 0.05
  m_UseGravity: 1
  m_IsKinematic: 0
  m_Interpolate: 0
  m_Constraints: 0
  m_CollisionDetection: 0
--- !u!65 &1984030879
BoxCollider:
  m_ObjectHideFlags: 0
  m_CorrespondingSourceObject: {fileID: 0}
  m_PrefabInstance: {fileID: 0}
  m_PrefabAsset: {fileID: 0}
  m_GameObject: {fileID: 2073863673855228527}
  m_Material: {fileID: 0}
  m_IsTrigger: 0
  m_Enabled: 1
  serializedVersion: 2
  m_Size: {x: 0.87957937, y: 0.5331869, z: 0.59830654}
  m_Center: {x: 0.0000006854534, y: 0.26659408, z: -0.00017505884}
--- !u!144 &1984030878
CharacterJoint:
  m_ObjectHideFlags: 0
  m_CorrespondingSourceObject: {fileID: 0}
  m_PrefabInstance: {fileID: 0}
  m_PrefabAsset: {fileID: 0}
  m_GameObject: {fileID: 2073863673855228527}
  m_ConnectedBody: {fileID: 308636477}
  m_Anchor: {x: 0, y: 0, z: 0}
  m_Axis: {x: 1, y: 0, z: 0}
  m_AutoConfigureConnectedAnchor: 1
  m_ConnectedAnchor: {x: -0.000007597043, y: 0.5274191, z: -0.021384329}
  serializedVersion: 2
  m_SwingAxis: {x: 0, y: 0, z: 1}
  m_TwistLimitSpring:
    spring: 0
    damper: 0
  m_LowTwistLimit:
    limit: -20
    bounciness: 0
    contactDistance: 0
  m_HighTwistLimit:
    limit: 20
    bounciness: 0
    contactDistance: 0
  m_SwingLimitSpring:
    spring: 0
    damper: 0
  m_Swing1Limit:
    limit: 10
    bounciness: 0
    contactDistance: 0
  m_Swing2Limit:
    limit: 0
    bounciness: 0
    contactDistance: 0
  m_EnableProjection: 0
  m_ProjectionDistance: 0.1
  m_ProjectionAngle: 180
  m_BreakForce: Infinity
  m_BreakTorque: Infinity
  m_EnableCollision: 0
  m_EnablePreprocessing: 0
  m_MassScale: 1
  m_ConnectedMassScale: 1
--- !u!114 &1984030876
MonoBehaviour:
  m_ObjectHideFlags: 0
  m_CorrespondingSourceObject: {fileID: 0}
  m_PrefabInstance: {fileID: 0}
  m_PrefabAsset: {fileID: 0}
  m_GameObject: {fileID: 2073863673855228527}
  m_Enabled: 1
  m_EditorHideFlags: 0
  m_Script: {fileID: 11500000, guid: 5fa2209613f518040956432ec70f9dd1, type: 3}
  m_Name: 
  m_EditorClassIdentifier: 
  _sprites: {fileID: 11400000, guid: 233b73c6890b1e645ae40efbf0c93092, type: 2}
  _randomOffset: {x: 0.2, y: 0, z: 0.2}
  _randomScale: {x: 0.4, y: 0, z: 0.4}
  _bloodItemPrefab: {fileID: 2222123102274608074, guid: 929341244b251d643a310c085472ec64,
    type: 3}
  _soundTrigger: {fileID: 1984030881}
--- !u!114 &1984030881
MonoBehaviour:
  m_ObjectHideFlags: 0
  m_CorrespondingSourceObject: {fileID: 0}
  m_PrefabInstance: {fileID: 0}
  m_PrefabAsset: {fileID: 0}
  m_GameObject: {fileID: 2073863673855228527}
  m_Enabled: 1
  m_EditorHideFlags: 0
  m_Script: {fileID: 11500000, guid: 5b37ef29ee01fbb4688f58fd1d6be8d6, type: 3}
  m_Name: 
  m_EditorClassIdentifier: 
  Tag: FallHit
  _source: {fileID: 1984030880}
  _allowedClips:
  - {fileID: 8300000, guid: e70572c17e5ac5b4d927b245ceab647e, type: 3}
  - {fileID: 8300000, guid: 84c9d9d0e4c92604a83125ff1921871a, type: 3}
  - {fileID: 8300000, guid: cc71769f071fab945abe5628f271100b, type: 3}
  - {fileID: 8300000, guid: 3452e72595bc44d4f94d40f164dafde3, type: 3}
  - {fileID: 8300000, guid: ab03b1b4ee111fd4588c496dd7397ae2, type: 3}
  - {fileID: 8300000, guid: ac7dd05eac969b046a98714b2c3fe521, type: 3}
  - {fileID: 8300000, guid: 7ae3af24a058a064089740575ed9cc51, type: 3}
  playOnAwake: 0
  playOneTime: 1
--- !u!82 &1984030880
AudioSource:
  m_ObjectHideFlags: 0
  m_CorrespondingSourceObject: {fileID: 0}
  m_PrefabInstance: {fileID: 0}
  m_PrefabAsset: {fileID: 0}
  m_GameObject: {fileID: 2073863673855228527}
  m_Enabled: 1
  serializedVersion: 4
  OutputAudioMixerGroup: {fileID: 0}
  m_audioClip: {fileID: 0}
  m_PlayOnAwake: 0
  m_Volume: 1
  m_Pitch: 1
  Loop: 0
  Mute: 0
  Spatialize: 0
  SpatializePostEffects: 0
  Priority: 128
  DopplerLevel: 1
  MinDistance: 1
  MaxDistance: 40
  Pan2D: 0
  rolloffMode: 0
  BypassEffects: 0
  BypassListenerEffects: 0
  BypassReverbZones: 0
  rolloffCustomCurve:
    serializedVersion: 2
    m_Curve:
    - serializedVersion: 3
      time: 0
      value: 1
      inSlope: 0
      outSlope: 0
      tangentMode: 0
      weightedMode: 0
      inWeight: 0.33333334
      outWeight: 0.33333334
    - serializedVersion: 3
      time: 1
      value: 0
      inSlope: 0
      outSlope: 0
      tangentMode: 0
      weightedMode: 0
      inWeight: 0.33333334
      outWeight: 0.33333334
    m_PreInfinity: 2
    m_PostInfinity: 2
    m_RotationOrder: 4
  panLevelCustomCurve:
    serializedVersion: 2
    m_Curve:
    - serializedVersion: 3
      time: 0
      value: 1
      inSlope: 0
      outSlope: 0
      tangentMode: 0
      weightedMode: 0
      inWeight: 0.33333334
      outWeight: 0.33333334
    m_PreInfinity: 2
    m_PostInfinity: 2
    m_RotationOrder: 4
  spreadCustomCurve:
    serializedVersion: 2
    m_Curve:
    - serializedVersion: 3
      time: 0
      value: 0
      inSlope: 0
      outSlope: 0
      tangentMode: 0
      weightedMode: 0
      inWeight: 0.33333334
      outWeight: 0.33333334
    m_PreInfinity: 2
    m_PostInfinity: 2
    m_RotationOrder: 4
  reverbZoneMixCustomCurve:
    serializedVersion: 2
    m_Curve:
    - serializedVersion: 3
      time: 0
      value: 1
      inSlope: 0
      outSlope: 0
      tangentMode: 0
      weightedMode: 0
      inWeight: 0.33333334
      outWeight: 0.33333334
    m_PreInfinity: 2
    m_PostInfinity: 2
    m_RotationOrder: 4
--- !u!1 &2131795635399692714
GameObject:
  m_ObjectHideFlags: 0
  m_CorrespondingSourceObject: {fileID: 0}
  m_PrefabInstance: {fileID: 0}
  m_PrefabAsset: {fileID: 0}
  serializedVersion: 6
  m_Component:
  - component: {fileID: 6684414321266881829}
  m_Layer: 10
  m_Name: mixamorig:RightHand
  m_TagString: Untagged
  m_Icon: {fileID: 0}
  m_NavMeshLayer: 0
  m_StaticEditorFlags: 0
  m_IsActive: 1
--- !u!4 &6684414321266881829
Transform:
  m_ObjectHideFlags: 0
  m_CorrespondingSourceObject: {fileID: 0}
  m_PrefabInstance: {fileID: 0}
  m_PrefabAsset: {fileID: 0}
  m_GameObject: {fileID: 2131795635399692714}
  m_LocalRotation: {x: 0.0000001436685, y: 0.00000001490109, z: -8.7050167e-10, w: 1}
  m_LocalPosition: {x: -0.000000022503663, y: 0.80330306, z: -0.00000032630874}
  m_LocalScale: {x: 0.99999994, y: 1, z: 1.0000002}
  m_Children:
  - {fileID: 8958739082473526875}
  m_Father: {fileID: 9194365206495978523}
  m_RootOrder: 0
  m_LocalEulerAnglesHint: {x: 0, y: 0, z: 0}
--- !u!1 &2237494033257983913
GameObject:
  m_ObjectHideFlags: 0
  m_CorrespondingSourceObject: {fileID: 0}
  m_PrefabInstance: {fileID: 0}
  m_PrefabAsset: {fileID: 0}
  serializedVersion: 6
  m_Component:
  - component: {fileID: 2927822244303383162}
  - component: {fileID: 26868352}
  - component: {fileID: 26868354}
  - component: {fileID: 26868353}
  - component: {fileID: 26868351}
  m_Layer: 10
  m_Name: mixamorig:LeftArm
  m_TagString: Untagged
  m_Icon: {fileID: 0}
  m_NavMeshLayer: 0
  m_StaticEditorFlags: 0
  m_IsActive: 1
--- !u!4 &2927822244303383162
Transform:
  m_ObjectHideFlags: 0
  m_CorrespondingSourceObject: {fileID: 0}
  m_PrefabInstance: {fileID: 0}
  m_PrefabAsset: {fileID: 0}
  m_GameObject: {fileID: 2237494033257983913}
  m_LocalRotation: {x: -0.17187339, y: 0.0034544263, z: -0.008145625, w: 0.98507935}
  m_LocalPosition: {x: 0.000000016093253, y: 0.3095063, z: -0.000000097453594}
  m_LocalScale: {x: 1.0000001, y: 1.0000001, z: 1.0000002}
  m_Children:
  - {fileID: 7570507175098286131}
  m_Father: {fileID: 870213909854535221}
  m_RootOrder: 0
  m_LocalEulerAnglesHint: {x: 0, y: 0, z: 0}
--- !u!54 &26868352
Rigidbody:
  m_ObjectHideFlags: 0
  m_CorrespondingSourceObject: {fileID: 0}
  m_PrefabInstance: {fileID: 0}
  m_PrefabAsset: {fileID: 0}
  m_GameObject: {fileID: 2237494033257983913}
  serializedVersion: 2
  m_Mass: 1.25
  m_Drag: 0
  m_AngularDrag: 0.05
  m_UseGravity: 1
  m_IsKinematic: 0
  m_Interpolate: 0
  m_Constraints: 0
  m_CollisionDetection: 0
--- !u!136 &26868354
CapsuleCollider:
  m_ObjectHideFlags: 0
  m_CorrespondingSourceObject: {fileID: 0}
  m_PrefabInstance: {fileID: 0}
  m_PrefabAsset: {fileID: 0}
  m_GameObject: {fileID: 2237494033257983913}
  m_Material: {fileID: 0}
  m_IsTrigger: 0
  m_Enabled: 1
  m_Radius: 0.17273636
  m_Height: 0.69094545
  m_Direction: 1
  m_Center: {x: 0, y: 0.34547272, z: 0}
--- !u!144 &26868353
CharacterJoint:
  m_ObjectHideFlags: 0
  m_CorrespondingSourceObject: {fileID: 0}
  m_PrefabInstance: {fileID: 0}
  m_PrefabAsset: {fileID: 0}
  m_GameObject: {fileID: 2237494033257983913}
  m_ConnectedBody: {fileID: 1984030877}
  m_Anchor: {x: 0, y: 0, z: 0}
  m_Axis: {x: 0, y: 0, z: -1}
  m_AutoConfigureConnectedAnchor: 1
  m_ConnectedAnchor: {x: -0.43978915, y: 0.53318757, z: -0.006508604}
  serializedVersion: 2
  m_SwingAxis: {x: 1, y: 0, z: 0}
  m_TwistLimitSpring:
    spring: 0
    damper: 0
  m_LowTwistLimit:
    limit: -70
    bounciness: 0
    contactDistance: 0
  m_HighTwistLimit:
    limit: 10
    bounciness: 0
    contactDistance: 0
  m_SwingLimitSpring:
    spring: 0
    damper: 0
  m_Swing1Limit:
    limit: 50
    bounciness: 0
    contactDistance: 0
  m_Swing2Limit:
    limit: 0
    bounciness: 0
    contactDistance: 0
  m_EnableProjection: 0
  m_ProjectionDistance: 0.1
  m_ProjectionAngle: 180
  m_BreakForce: Infinity
  m_BreakTorque: Infinity
  m_EnableCollision: 0
  m_EnablePreprocessing: 0
  m_MassScale: 1
  m_ConnectedMassScale: 1
--- !u!114 &26868351
MonoBehaviour:
  m_ObjectHideFlags: 0
  m_CorrespondingSourceObject: {fileID: 0}
  m_PrefabInstance: {fileID: 0}
  m_PrefabAsset: {fileID: 0}
  m_GameObject: {fileID: 2237494033257983913}
  m_Enabled: 1
  m_EditorHideFlags: 0
  m_Script: {fileID: 11500000, guid: 5fa2209613f518040956432ec70f9dd1, type: 3}
  m_Name: 
  m_EditorClassIdentifier: 
  _sprites: {fileID: 11400000, guid: 233b73c6890b1e645ae40efbf0c93092, type: 2}
  _randomOffset: {x: 0.2, y: 0, z: 0.2}
  _randomScale: {x: 0.4, y: 0, z: 0.4}
  _bloodItemPrefab: {fileID: 2222123102274608074, guid: 929341244b251d643a310c085472ec64,
    type: 3}
  _soundTrigger: {fileID: 0}
--- !u!1 &2986140009516121783
GameObject:
  m_ObjectHideFlags: 0
  m_CorrespondingSourceObject: {fileID: 0}
  m_PrefabInstance: {fileID: 0}
  m_PrefabAsset: {fileID: 0}
  serializedVersion: 6
  m_Component:
  - component: {fileID: 2312367116050863957}
  m_Layer: 10
  m_Name: mixamorig:RightToe_End_end
  m_TagString: Untagged
  m_Icon: {fileID: 0}
  m_NavMeshLayer: 0
  m_StaticEditorFlags: 0
  m_IsActive: 1
--- !u!4 &2312367116050863957
Transform:
  m_ObjectHideFlags: 0
  m_CorrespondingSourceObject: {fileID: 0}
  m_PrefabInstance: {fileID: 0}
  m_PrefabAsset: {fileID: 0}
  m_GameObject: {fileID: 2986140009516121783}
  m_LocalRotation: {x: 0, y: -0, z: -0, w: 1}
  m_LocalPosition: {x: -0, y: 0.14360805, z: 0}
  m_LocalScale: {x: 1, y: 1, z: 1}
  m_Children: []
  m_Father: {fileID: 445699715551203715}
  m_RootOrder: 0
  m_LocalEulerAnglesHint: {x: 0, y: 0, z: 0}
--- !u!114 &1670174965
MonoBehaviour:
  m_ObjectHideFlags: 0
  m_CorrespondingSourceObject: {fileID: 0}
  m_PrefabInstance: {fileID: 0}
  m_PrefabAsset: {fileID: 0}
  m_GameObject: {fileID: 3392042980837505484}
  m_Enabled: 1
  m_EditorHideFlags: 0
  m_Script: {fileID: 11500000, guid: e42886809f68b9a409f666b065233ec1, type: 3}
  m_Name: 
  m_EditorClassIdentifier: 
  nums:
  - {fileID: 4725061174811346956}
  - {fileID: 8496415216761072760}
  - {fileID: 2377007878352329233}
  - {fileID: 4960012651891199677}
  - {fileID: 385424423541707435}
  - {fileID: 4729922147367399710}
  - {fileID: 7909590162799878857}
  - {fileID: 7640985116015932343}
  - {fileID: 6484203295159230393}
  - {fileID: 2228651431402462488}
--- !u!114 &699631011
MonoBehaviour:
  m_ObjectHideFlags: 0
  m_CorrespondingSourceObject: {fileID: 0}
  m_PrefabInstance: {fileID: 0}
  m_PrefabAsset: {fileID: 0}
  m_GameObject: {fileID: 3392042982016861701}
  m_Enabled: 1
  m_EditorHideFlags: 0
  m_Script: {fileID: 11500000, guid: e42886809f68b9a409f666b065233ec1, type: 3}
  m_Name: 
  m_EditorClassIdentifier: 
  nums:
  - {fileID: 4725061175988664261}
  - {fileID: 8496415217663710129}
  - {fileID: 2377007877172438488}
  - {fileID: 4960012650982338932}
  - {fileID: 385424424509336930}
  - {fileID: 4729922148611903191}
  - {fileID: 7909590164044356864}
  - {fileID: 7640985117195291774}
  - {fileID: 6484203293914947696}
  - {fileID: 2228651430493627089}
--- !u!114 &745279565
MonoBehaviour:
  m_ObjectHideFlags: 0
  m_CorrespondingSourceObject: {fileID: 0}
  m_PrefabInstance: {fileID: 0}
  m_PrefabAsset: {fileID: 0}
  m_GameObject: {fileID: 3392042982191161651}
  m_Enabled: 1
  m_EditorHideFlags: 0
  m_Script: {fileID: 11500000, guid: e42886809f68b9a409f666b065233ec1, type: 3}
  m_Name: 
  m_EditorClassIdentifier: 
  nums:
  - {fileID: 4725061176334979315}
  - {fileID: 8496415217993200775}
  - {fileID: 2377007877497783022}
  - {fileID: 4960012651172877890}
  - {fileID: 385424424180370004}
  - {fileID: 4729922148941392353}
  - {fileID: 7909590164256406070}
  - {fileID: 7640985116883053384}
  - {fileID: 6484203294239704902}
  - {fileID: 2228651430835226087}
--- !u!1 &3598832013126105154
GameObject:
  m_ObjectHideFlags: 0
  m_CorrespondingSourceObject: {fileID: 0}
  m_PrefabInstance: {fileID: 0}
  m_PrefabAsset: {fileID: 0}
  serializedVersion: 6
  m_Component:
  - component: {fileID: 4231780607377482488}
  - component: {fileID: 1982903674}
  - component: {fileID: 1982903673}
  - component: {fileID: 1982903669}
  - component: {fileID: 1982903670}
  - component: {fileID: 1982903671}
  m_Layer: 2
  m_Name: player_gamer
  m_TagString: Player
  m_Icon: {fileID: 0}
  m_NavMeshLayer: 0
  m_StaticEditorFlags: 0
  m_IsActive: 1
--- !u!4 &4231780607377482488
Transform:
  m_ObjectHideFlags: 0
  m_CorrespondingSourceObject: {fileID: 0}
  m_PrefabInstance: {fileID: 0}
  m_PrefabAsset: {fileID: 0}
  m_GameObject: {fileID: 3598832013126105154}
  m_LocalRotation: {x: 0, y: 0, z: 0, w: 1}
  m_LocalPosition: {x: -5.96, y: 15.1, z: -5.1}
  m_LocalScale: {x: 0.3, y: 0.3, z: 0.3}
  m_Children:
  - {fileID: 8900801351671468770}
  - {fileID: 7836023624360911585}
  m_Father: {fileID: 0}
  m_RootOrder: 0
  m_LocalEulerAnglesHint: {x: 0, y: 0, z: 0}
--- !u!54 &1982903674
Rigidbody:
  m_ObjectHideFlags: 0
  m_CorrespondingSourceObject: {fileID: 0}
  m_PrefabInstance: {fileID: 0}
  m_PrefabAsset: {fileID: 0}
  m_GameObject: {fileID: 3598832013126105154}
  serializedVersion: 2
  m_Mass: 1
  m_Drag: 0
  m_AngularDrag: 0.05
  m_UseGravity: 1
  m_IsKinematic: 0
  m_Interpolate: 0
  m_Constraints: 80
  m_CollisionDetection: 0
--- !u!136 &1982903673
CapsuleCollider:
  m_ObjectHideFlags: 0
  m_CorrespondingSourceObject: {fileID: 0}
  m_PrefabInstance: {fileID: 0}
  m_PrefabAsset: {fileID: 0}
  m_GameObject: {fileID: 3598832013126105154}
  m_Material: {fileID: 13400000, guid: c2815a7ab32e42c4bb42f59caacb8ec1, type: 2}
  m_IsTrigger: 0
  m_Enabled: 1
  m_Radius: 0.3
  m_Height: 1.6
  m_Direction: 1
  m_Center: {x: 0, y: 0.8, z: 0}
--- !u!95 &1982903669
Animator:
  serializedVersion: 3
  m_ObjectHideFlags: 0
  m_CorrespondingSourceObject: {fileID: 0}
  m_PrefabInstance: {fileID: 0}
  m_PrefabAsset: {fileID: 0}
  m_GameObject: {fileID: 3598832013126105154}
  m_Enabled: 1
  m_Avatar: {fileID: 9000000, guid: b3df09694d292094aa5a6a82b0511901, type: 3}
  m_Controller: {fileID: 9100000, guid: e2cf68ff4b1ffda45a77f7307dd789b9, type: 2}
  m_CullingMode: 0
  m_UpdateMode: 0
  m_ApplyRootMotion: 0
  m_LinearVelocityBlending: 0
  m_WarningMessage: 
  m_HasTransformHierarchy: 1
  m_AllowConstantClipSamplingOptimization: 1
  m_KeepAnimatorControllerStateOnDisable: 0
--- !u!114 &1982903670
MonoBehaviour:
  m_ObjectHideFlags: 0
  m_CorrespondingSourceObject: {fileID: 0}
  m_PrefabInstance: {fileID: 0}
  m_PrefabAsset: {fileID: 0}
  m_GameObject: {fileID: 3598832013126105154}
  m_Enabled: 1
  m_EditorHideFlags: 0
  m_Script: {fileID: 11500000, guid: 98d52c5c75f948d4083343eb9a69de84, type: 3}
  m_Name: 
  m_EditorClassIdentifier: 
  _animator: {fileID: 1982903669}
  _ragdollController: {fileID: 1982903671}
  _rigidbody: {fileID: 1982903674}
  _meshRenderer: {fileID: 1071119981603976429}
  _initialPosition: {x: 0, y: 5, z: 0}
  _defaultTarget: {fileID: 0}
  _target: {fileID: 0}
  _rotationSpeed: 4
  _moveSpeed: 3.7
  _jumpForce: 3
  _jump: 0
  m_GroundCheckDistance: 0.1
  m_IsGrounded: 0
  layerMask:
    serializedVersion: 2
    m_Bits: 259
  numsControll:
  - {fileID: 699631011}
  - {fileID: 745279565}
  - {fileID: 1670174965}
  _isBot: 0
  _offset: {x: 0, y: 0, z: 0}
--- !u!114 &1982903671
MonoBehaviour:
  m_ObjectHideFlags: 0
  m_CorrespondingSourceObject: {fileID: 0}
  m_PrefabInstance: {fileID: 0}
  m_PrefabAsset: {fileID: 0}
  m_GameObject: {fileID: 3598832013126105154}
  m_Enabled: 1
  m_EditorHideFlags: 0
  m_Script: {fileID: 11500000, guid: b98fbce76b938354c98cb67c70f42bcd, type: 3}
  m_Name: 
  m_EditorClassIdentifier: 
  _rigidbodies: []
  _colliders: []
--- !u!1 &3642270681098217824
GameObject:
  m_ObjectHideFlags: 0
  m_CorrespondingSourceObject: {fileID: 0}
  m_PrefabInstance: {fileID: 0}
  m_PrefabAsset: {fileID: 0}
  serializedVersion: 6
  m_Component:
  - component: {fileID: 5599180963196864112}
  m_Layer: 10
  m_Name: mixamorig:LeftToeBase
  m_TagString: Untagged
  m_Icon: {fileID: 0}
  m_NavMeshLayer: 0
  m_StaticEditorFlags: 0
  m_IsActive: 1
--- !u!4 &5599180963196864112
Transform:
  m_ObjectHideFlags: 0
  m_CorrespondingSourceObject: {fileID: 0}
  m_PrefabInstance: {fileID: 0}
  m_PrefabAsset: {fileID: 0}
  m_GameObject: {fileID: 3642270681098217824}
  m_LocalRotation: {x: 0.33130506, y: -0.0061407117, z: 0.0021557075, w: 0.94350123}
  m_LocalPosition: {x: -0.00000001553446, y: 0.36307853, z: -0.000000015646219}
  m_LocalScale: {x: 1.0000001, y: 1, z: 1.0000002}
  m_Children:
  - {fileID: 4995453208148430379}
  m_Father: {fileID: 8716240580996004658}
  m_RootOrder: 0
  m_LocalEulerAnglesHint: {x: 0, y: 0, z: 0}
--- !u!1 &4399523232135075328
GameObject:
  m_ObjectHideFlags: 0
  m_CorrespondingSourceObject: {fileID: 0}
  m_PrefabInstance: {fileID: 0}
  m_PrefabAsset: {fileID: 0}
  serializedVersion: 6
  m_Component:
  - component: {fileID: 3663268086109077565}
  m_Layer: 10
  m_Name: mixamorig:LeftHand
  m_TagString: Untagged
  m_Icon: {fileID: 0}
  m_NavMeshLayer: 0
  m_StaticEditorFlags: 0
  m_IsActive: 1
--- !u!4 &3663268086109077565
Transform:
  m_ObjectHideFlags: 0
  m_CorrespondingSourceObject: {fileID: 0}
  m_PrefabInstance: {fileID: 0}
  m_PrefabAsset: {fileID: 0}
  m_GameObject: {fileID: 4399523232135075328}
  m_LocalRotation: {x: 9.733292e-10, y: -0.0000000018625539, z: 0.000000003704652,
    w: 1}
  m_LocalPosition: {x: -0.000000006503942, y: 0.803219, z: -0.00000019017446}
  m_LocalScale: {x: 1.0000001, y: 1.0000002, z: 1.0000001}
  m_Children:
  - {fileID: 3182605716136261585}
  m_Father: {fileID: 7570507175098286131}
  m_RootOrder: 0
  m_LocalEulerAnglesHint: {x: 0, y: 0, z: 0}
--- !u!1 &4661686555124955890
GameObject:
  m_ObjectHideFlags: 0
  m_CorrespondingSourceObject: {fileID: 0}
  m_PrefabInstance: {fileID: 0}
  m_PrefabAsset: {fileID: 0}
  serializedVersion: 6
  m_Component:
  - component: {fileID: 1424758287132925258}
  m_Layer: 10
  m_Name: mixamorig:Spine
  m_TagString: Untagged
  m_Icon: {fileID: 0}
  m_NavMeshLayer: 0
  m_StaticEditorFlags: 0
  m_IsActive: 1
--- !u!4 &1424758287132925258
Transform:
  m_ObjectHideFlags: 0
  m_CorrespondingSourceObject: {fileID: 0}
  m_PrefabInstance: {fileID: 0}
  m_PrefabAsset: {fileID: 0}
  m_GameObject: {fileID: 4661686555124955890}
  m_LocalRotation: {x: -0.020260377, y: -0.0000006778413, z: 0.00001338081, w: 0.9997947}
  m_LocalPosition: {x: 9.720224e-14, y: 0.24342407, z: -0.009869765}
  m_LocalScale: {x: 1, y: 0.99999994, z: 1}
  m_Children:
  - {fileID: 3374170313409794594}
  m_Father: {fileID: 4816578159195579105}
  m_RootOrder: 2
  m_LocalEulerAnglesHint: {x: 0, y: 0, z: 0}
--- !u!1 &4824565234395864853
GameObject:
  m_ObjectHideFlags: 0
  m_CorrespondingSourceObject: {fileID: 0}
  m_PrefabInstance: {fileID: 0}
  m_PrefabAsset: {fileID: 0}
  serializedVersion: 6
  m_Component:
  - component: {fileID: 445699715551203715}
  m_Layer: 10
  m_Name: mixamorig:RightToe_End
  m_TagString: Untagged
  m_Icon: {fileID: 0}
  m_NavMeshLayer: 0
  m_StaticEditorFlags: 0
  m_IsActive: 1
--- !u!4 &445699715551203715
Transform:
  m_ObjectHideFlags: 0
  m_CorrespondingSourceObject: {fileID: 0}
  m_PrefabInstance: {fileID: 0}
  m_PrefabAsset: {fileID: 0}
  m_GameObject: {fileID: 4824565234395864853}
  m_LocalRotation: {x: 0.000000017291315, y: 0.0000000612672, z: -8.658391e-10, w: 1}
  m_LocalPosition: {x: -0.000000026785418, y: 0.14360823, z: -6.705522e-10}
  m_LocalScale: {x: 0.99999994, y: 0.9999998, z: 1}
  m_Children:
  - {fileID: 2312367116050863957}
  m_Father: {fileID: 5637970164566494297}
  m_RootOrder: 0
  m_LocalEulerAnglesHint: {x: 0, y: 0, z: 0}
--- !u!1 &5152426283709714636
GameObject:
  m_ObjectHideFlags: 0
  m_CorrespondingSourceObject: {fileID: 0}
  m_PrefabInstance: {fileID: 0}
  m_PrefabAsset: {fileID: 0}
  serializedVersion: 6
  m_Component:
  - component: {fileID: 8716240580996004658}
  m_Layer: 10
  m_Name: mixamorig:LeftFoot
  m_TagString: Untagged
  m_Icon: {fileID: 0}
  m_NavMeshLayer: 0
  m_StaticEditorFlags: 0
  m_IsActive: 1
--- !u!4 &8716240580996004658
Transform:
  m_ObjectHideFlags: 0
  m_CorrespondingSourceObject: {fileID: 0}
  m_PrefabInstance: {fileID: 0}
  m_PrefabAsset: {fileID: 0}
  m_GameObject: {fileID: 5152426283709714636}
  m_LocalRotation: {x: 0.4414818, y: 0.00544866, z: -0.0073695495, w: 0.8972234}
  m_LocalPosition: {x: -0.000000012909004, y: 1.153425, z: 0.00000001640059}
  m_LocalScale: {x: 0.99999994, y: 1, z: 1}
  m_Children:
  - {fileID: 5599180963196864112}
  m_Father: {fileID: 6991348350115276614}
  m_RootOrder: 0
  m_LocalEulerAnglesHint: {x: 0, y: 0, z: 0}
--- !u!1 &5162680747061968357
GameObject:
  m_ObjectHideFlags: 0
  m_CorrespondingSourceObject: {fileID: 0}
  m_PrefabInstance: {fileID: 0}
  m_PrefabAsset: {fileID: 0}
  serializedVersion: 6
  m_Component:
  - component: {fileID: 69960043627592509}
  - component: {fileID: 1521233482}
  - component: {fileID: 1521233483}
  - component: {fileID: 1521233481}
  - component: {fileID: 1521233484}
  - component: {fileID: 1521233485}
  - component: {fileID: 1521233480}
  m_Layer: 10
  m_Name: mixamorig:Head
  m_TagString: Untagged
  m_Icon: {fileID: 0}
  m_NavMeshLayer: 0
  m_StaticEditorFlags: 0
  m_IsActive: 1
--- !u!4 &69960043627592509
Transform:
  m_ObjectHideFlags: 0
  m_CorrespondingSourceObject: {fileID: 0}
  m_PrefabInstance: {fileID: 0}
  m_PrefabAsset: {fileID: 0}
  m_GameObject: {fileID: 5162680747061968357}
  m_LocalRotation: {x: 0.0000000038448142, y: 2.9481775e-21, z: 1.03786796e-20, w: 1}
  m_LocalPosition: {x: 5.924696e-13, y: 0.3300128, z: -0.02056187}
  m_LocalScale: {x: 1, y: 1, z: 1}
  m_Children:
  - {fileID: 1361074918964529553}
  m_Father: {fileID: 409357146954842339}
  m_RootOrder: 0
  m_LocalEulerAnglesHint: {x: 0, y: 0, z: 0}
--- !u!54 &1521233482
Rigidbody:
  m_ObjectHideFlags: 0
  m_CorrespondingSourceObject: {fileID: 0}
  m_PrefabInstance: {fileID: 0}
  m_PrefabAsset: {fileID: 0}
  m_GameObject: {fileID: 5162680747061968357}
  serializedVersion: 2
  m_Mass: 1.25
  m_Drag: 0
  m_AngularDrag: 0.05
  m_UseGravity: 1
  m_IsKinematic: 0
  m_Interpolate: 0
  m_Constraints: 0
  m_CollisionDetection: 0
--- !u!135 &1521233483
SphereCollider:
  m_ObjectHideFlags: 0
  m_CorrespondingSourceObject: {fileID: 0}
  m_PrefabInstance: {fileID: 0}
  m_PrefabAsset: {fileID: 0}
  m_GameObject: {fileID: 5162680747061968357}
  m_Material: {fileID: 0}
  m_IsTrigger: 0
  m_Enabled: 1
  serializedVersion: 2
  m_Radius: 0.065968454
  m_Center: {x: 0, y: 0.065968454, z: 0}
--- !u!144 &1521233481
CharacterJoint:
  m_ObjectHideFlags: 0
  m_CorrespondingSourceObject: {fileID: 0}
  m_PrefabInstance: {fileID: 0}
  m_PrefabAsset: {fileID: 0}
  m_GameObject: {fileID: 5162680747061968357}
  m_ConnectedBody: {fileID: 1984030877}
  m_Anchor: {x: 0, y: 0, z: 0}
  m_Axis: {x: 1, y: 0, z: 0}
  m_AutoConfigureConnectedAnchor: 1
  m_ConnectedAnchor: {x: 1.884891e-12, y: 1.0208437, z: -0.007175309}
  serializedVersion: 2
  m_SwingAxis: {x: 0, y: 0, z: 1}
  m_TwistLimitSpring:
    spring: 0
    damper: 0
  m_LowTwistLimit:
    limit: -40
    bounciness: 0
    contactDistance: 0
  m_HighTwistLimit:
    limit: 25
    bounciness: 0
    contactDistance: 0
  m_SwingLimitSpring:
    spring: 0
    damper: 0
  m_Swing1Limit:
    limit: 25
    bounciness: 0
    contactDistance: 0
  m_Swing2Limit:
    limit: 0
    bounciness: 0
    contactDistance: 0
  m_EnableProjection: 0
  m_ProjectionDistance: 0.1
  m_ProjectionAngle: 180
  m_BreakForce: Infinity
  m_BreakTorque: Infinity
  m_EnableCollision: 0
  m_EnablePreprocessing: 0
  m_MassScale: 1
  m_ConnectedMassScale: 1
--- !u!114 &1521233484
MonoBehaviour:
  m_ObjectHideFlags: 0
  m_CorrespondingSourceObject: {fileID: 0}
  m_PrefabInstance: {fileID: 0}
  m_PrefabAsset: {fileID: 0}
  m_GameObject: {fileID: 5162680747061968357}
  m_Enabled: 1
  m_EditorHideFlags: 0
  m_Script: {fileID: 11500000, guid: 5fa2209613f518040956432ec70f9dd1, type: 3}
  m_Name: 
  m_EditorClassIdentifier: 
  _sprites: {fileID: 11400000, guid: 233b73c6890b1e645ae40efbf0c93092, type: 2}
  _randomOffset: {x: 0.2, y: 0, z: 0.2}
  _randomScale: {x: 0.4, y: 0, z: 0.4}
  _bloodItemPrefab: {fileID: 2222123102274608074, guid: 929341244b251d643a310c085472ec64,
    type: 3}
  _soundTrigger: {fileID: 0}
--- !u!114 &1521233485
MonoBehaviour:
  m_ObjectHideFlags: 0
  m_CorrespondingSourceObject: {fileID: 0}
  m_PrefabInstance: {fileID: 0}
  m_PrefabAsset: {fileID: 0}
  m_GameObject: {fileID: 5162680747061968357}
  m_Enabled: 1
  m_EditorHideFlags: 0
  m_Script: {fileID: 11500000, guid: 5b37ef29ee01fbb4688f58fd1d6be8d6, type: 3}
  m_Name: 
  m_EditorClassIdentifier: 
  Tag: Scream
  _source: {fileID: 1521233480}
  _allowedClips:
  - {fileID: 8300000, guid: da92c9bb998c25246875b5ebcaff9ae9, type: 3}
  - {fileID: 8300000, guid: c0d36276a63bc514b98e8cb08f885ae6, type: 3}
  - {fileID: 8300000, guid: a331310bd4f18da4bbf62462d0e963a4, type: 3}
  - {fileID: 8300000, guid: 67ea12c6895c6974b9f2ac9d23585440, type: 3}
  - {fileID: 8300000, guid: 05182302075e7e8419740753f4e0dd48, type: 3}
  - {fileID: 8300000, guid: c8bc2590ab788414397d57e69b77adc8, type: 3}
  playOnAwake: 0
  playOneTime: 1
--- !u!82 &1521233480
AudioSource:
  m_ObjectHideFlags: 0
  m_CorrespondingSourceObject: {fileID: 0}
  m_PrefabInstance: {fileID: 0}
  m_PrefabAsset: {fileID: 0}
  m_GameObject: {fileID: 5162680747061968357}
  m_Enabled: 1
  serializedVersion: 4
  OutputAudioMixerGroup: {fileID: 0}
  m_audioClip: {fileID: 0}
  m_PlayOnAwake: 0
  m_Volume: 1
  m_Pitch: 1
  Loop: 0
  Mute: 0
  Spatialize: 0
  SpatializePostEffects: 0
  Priority: 128
  DopplerLevel: 1
  MinDistance: 1
  MaxDistance: 40
  Pan2D: 0
  rolloffMode: 0
  BypassEffects: 0
  BypassListenerEffects: 0
  BypassReverbZones: 0
  rolloffCustomCurve:
    serializedVersion: 2
    m_Curve:
    - serializedVersion: 3
      time: 0
      value: 1
      inSlope: 0
      outSlope: 0
      tangentMode: 0
      weightedMode: 0
      inWeight: 0.33333334
      outWeight: 0.33333334
    - serializedVersion: 3
      time: 1
      value: 0
      inSlope: 0
      outSlope: 0
      tangentMode: 0
      weightedMode: 0
      inWeight: 0.33333334
      outWeight: 0.33333334
    m_PreInfinity: 2
    m_PostInfinity: 2
    m_RotationOrder: 4
  panLevelCustomCurve:
    serializedVersion: 2
    m_Curve:
    - serializedVersion: 3
      time: 0
      value: 1
      inSlope: 0
      outSlope: 0
      tangentMode: 0
      weightedMode: 0
      inWeight: 0.33333334
      outWeight: 0.33333334
    m_PreInfinity: 2
    m_PostInfinity: 2
    m_RotationOrder: 4
  spreadCustomCurve:
    serializedVersion: 2
    m_Curve:
    - serializedVersion: 3
      time: 0
      value: 0
      inSlope: 0
      outSlope: 0
      tangentMode: 0
      weightedMode: 0
      inWeight: 0.33333334
      outWeight: 0.33333334
    m_PreInfinity: 2
    m_PostInfinity: 2
    m_RotationOrder: 4
  reverbZoneMixCustomCurve:
    serializedVersion: 2
    m_Curve:
    - serializedVersion: 3
      time: 0
      value: 1
      inSlope: 0
      outSlope: 0
      tangentMode: 0
      weightedMode: 0
      inWeight: 0.33333334
      outWeight: 0.33333334
    m_PreInfinity: 2
    m_PostInfinity: 2
    m_RotationOrder: 4
--- !u!1 &5180735376380306330
GameObject:
  m_ObjectHideFlags: 0
  m_CorrespondingSourceObject: {fileID: 0}
  m_PrefabInstance: {fileID: 0}
  m_PrefabAsset: {fileID: 0}
  serializedVersion: 6
  m_Component:
  - component: {fileID: 870213909854535221}
  m_Layer: 10
  m_Name: mixamorig:LeftShoulder
  m_TagString: Untagged
  m_Icon: {fileID: 0}
  m_NavMeshLayer: 0
  m_StaticEditorFlags: 0
  m_IsActive: 1
--- !u!4 &870213909854535221
Transform:
  m_ObjectHideFlags: 0
  m_CorrespondingSourceObject: {fileID: 0}
  m_PrefabInstance: {fileID: 0}
  m_PrefabAsset: {fileID: 0}
  m_GameObject: {fileID: 5180735376380306330}
  m_LocalRotation: {x: 0.57423073, y: -0.40965107, z: 0.582766, w: 0.4035206}
  m_LocalPosition: {x: -0.14861038, y: 0.31319, z: -0.0021648288}
  m_LocalScale: {x: 1.0000001, y: 0.99999976, z: 1}
  m_Children:
  - {fileID: 2927822244303383162}
  m_Father: {fileID: 8099931049758329020}
  m_RootOrder: 0
  m_LocalEulerAnglesHint: {x: 0, y: 0, z: 0}
--- !u!1 &5668024504848840972
GameObject:
  m_ObjectHideFlags: 0
  m_CorrespondingSourceObject: {fileID: 0}
  m_PrefabInstance: {fileID: 0}
  m_PrefabAsset: {fileID: 0}
  serializedVersion: 6
  m_Component:
  - component: {fileID: 4816578159195579105}
  - component: {fileID: 308636477}
  - component: {fileID: 308636478}
  m_Layer: 10
  m_Name: mixamorig:Hips
  m_TagString: Untagged
  m_Icon: {fileID: 0}
  m_NavMeshLayer: 0
  m_StaticEditorFlags: 0
  m_IsActive: 1
--- !u!4 &4816578159195579105
Transform:
  m_ObjectHideFlags: 0
  m_CorrespondingSourceObject: {fileID: 0}
  m_PrefabInstance: {fileID: 0}
  m_PrefabAsset: {fileID: 0}
  m_GameObject: {fileID: 5668024504848840972}
  m_LocalRotation: {x: 0.000000057162573, y: 0.00000040660746, z: -0.000013391796,
    w: 1}
  m_LocalPosition: {x: 0.0000035601854, y: 2.6751862, z: -0.014226451}
  m_LocalScale: {x: 1, y: 1, z: 1}
  m_Children:
  - {fileID: 5571727489399236473}
  - {fileID: 7761453094842710301}
  - {fileID: 1424758287132925258}
  m_Father: {fileID: 8900801351671468770}
  m_RootOrder: 0
  m_LocalEulerAnglesHint: {x: 0, y: 0, z: 0}
--- !u!54 &308636477
Rigidbody:
  m_ObjectHideFlags: 0
  m_CorrespondingSourceObject: {fileID: 0}
  m_PrefabInstance: {fileID: 0}
  m_PrefabAsset: {fileID: 0}
  m_GameObject: {fileID: 5668024504848840972}
  serializedVersion: 2
  m_Mass: 3.125
  m_Drag: 0
  m_AngularDrag: 0.05
  m_UseGravity: 1
  m_IsKinematic: 0
  m_Interpolate: 0
  m_Constraints: 0
  m_CollisionDetection: 0
--- !u!65 &308636478
BoxCollider:
  m_ObjectHideFlags: 0
  m_CorrespondingSourceObject: {fileID: 0}
  m_PrefabInstance: {fileID: 0}
  m_PrefabAsset: {fileID: 0}
  m_GameObject: {fileID: 5668024504848840972}
  m_Material: {fileID: 0}
  m_IsTrigger: 0
  m_Enabled: 1
  serializedVersion: 2
  m_Size: {x: 0.87957937, y: 0.66262496, z: 0.5975628}
  m_Center: {x: -0.000021159649, y: 0.19610661, z: -0.018921375}
--- !u!1 &6183787192312016656
GameObject:
  m_ObjectHideFlags: 0
  m_CorrespondingSourceObject: {fileID: 0}
  m_PrefabInstance: {fileID: 0}
  m_PrefabAsset: {fileID: 0}
  serializedVersion: 6
  m_Component:
  - component: {fileID: 5637970164566494297}
  m_Layer: 10
  m_Name: mixamorig:RightToeBase
  m_TagString: Untagged
  m_Icon: {fileID: 0}
  m_NavMeshLayer: 0
  m_StaticEditorFlags: 0
  m_IsActive: 1
--- !u!4 &5637970164566494297
Transform:
  m_ObjectHideFlags: 0
  m_CorrespondingSourceObject: {fileID: 0}
  m_PrefabInstance: {fileID: 0}
  m_PrefabAsset: {fileID: 0}
  m_GameObject: {fileID: 6183787192312016656}
  m_LocalRotation: {x: 0.33102357, y: 0.0062707206, z: -0.0021998954, w: 0.9435991}
  m_LocalPosition: {x: 0.0000000023748725, y: 0.36342373, z: 0.000000020116568}
  m_LocalScale: {x: 1, y: 1.0000005, z: 1}
  m_Children:
  - {fileID: 445699715551203715}
  m_Father: {fileID: 1767061479332896029}
  m_RootOrder: 0
  m_LocalEulerAnglesHint: {x: 0, y: 0, z: 0}
--- !u!1 &7269415874133326047
GameObject:
  m_ObjectHideFlags: 0
  m_CorrespondingSourceObject: {fileID: 0}
  m_PrefabInstance: {fileID: 0}
  m_PrefabAsset: {fileID: 0}
  serializedVersion: 6
  m_Component:
  - component: {fileID: 6444952016537950516}
  - component: {fileID: 2102348275}
  - component: {fileID: 2102348277}
  - component: {fileID: 2102348276}
  - component: {fileID: 2102348274}
  m_Layer: 10
  m_Name: mixamorig:RightArm
  m_TagString: Untagged
  m_Icon: {fileID: 0}
  m_NavMeshLayer: 0
  m_StaticEditorFlags: 0
  m_IsActive: 1
--- !u!4 &6444952016537950516
Transform:
  m_ObjectHideFlags: 0
  m_CorrespondingSourceObject: {fileID: 0}
  m_PrefabInstance: {fileID: 0}
  m_PrefabAsset: {fileID: 0}
  m_GameObject: {fileID: 7269415874133326047}
  m_LocalRotation: {x: -0.1718909, y: -0.0025950782, z: 0.00767319, w: 0.9850827}
  m_LocalPosition: {x: 0.0000000067055224, y: 0.3095064, z: 0.00000011086464}
  m_LocalScale: {x: 1, y: 0.99999994, z: 1}
  m_Children:
  - {fileID: 9194365206495978523}
  m_Father: {fileID: 8354198673897923870}
  m_RootOrder: 0
  m_LocalEulerAnglesHint: {x: 0, y: 0, z: 0}
--- !u!54 &2102348275
Rigidbody:
  m_ObjectHideFlags: 0
  m_CorrespondingSourceObject: {fileID: 0}
  m_PrefabInstance: {fileID: 0}
  m_PrefabAsset: {fileID: 0}
  m_GameObject: {fileID: 7269415874133326047}
  serializedVersion: 2
  m_Mass: 1.25
  m_Drag: 0
  m_AngularDrag: 0.05
  m_UseGravity: 1
  m_IsKinematic: 0
  m_Interpolate: 0
  m_Constraints: 0
  m_CollisionDetection: 0
--- !u!136 &2102348277
CapsuleCollider:
  m_ObjectHideFlags: 0
  m_CorrespondingSourceObject: {fileID: 0}
  m_PrefabInstance: {fileID: 0}
  m_PrefabAsset: {fileID: 0}
  m_GameObject: {fileID: 7269415874133326047}
  m_Material: {fileID: 0}
  m_IsTrigger: 0
  m_Enabled: 1
  m_Radius: 0.17272691
  m_Height: 0.69090766
  m_Direction: 1
  m_Center: {x: 0, y: 0.34545383, z: 0}
--- !u!144 &2102348276
CharacterJoint:
  m_ObjectHideFlags: 0
  m_CorrespondingSourceObject: {fileID: 0}
  m_PrefabInstance: {fileID: 0}
  m_PrefabAsset: {fileID: 0}
  m_GameObject: {fileID: 7269415874133326047}
  m_ConnectedBody: {fileID: 1984030877}
  m_Anchor: {x: 0, y: 0, z: 0}
  m_Axis: {x: 0, y: 0, z: -1}
  m_AutoConfigureConnectedAnchor: 1
  m_ConnectedAnchor: {x: 0.4397903, y: 0.53317964, z: -0.0062297476}
  serializedVersion: 2
  m_SwingAxis: {x: -1, y: 0, z: 0}
  m_TwistLimitSpring:
    spring: 0
    damper: 0
  m_LowTwistLimit:
    limit: -70
    bounciness: 0
    contactDistance: 0
  m_HighTwistLimit:
    limit: 10
    bounciness: 0
    contactDistance: 0
  m_SwingLimitSpring:
    spring: 0
    damper: 0
  m_Swing1Limit:
    limit: 50
    bounciness: 0
    contactDistance: 0
  m_Swing2Limit:
    limit: 0
    bounciness: 0
    contactDistance: 0
  m_EnableProjection: 0
  m_ProjectionDistance: 0.1
  m_ProjectionAngle: 180
  m_BreakForce: Infinity
  m_BreakTorque: Infinity
  m_EnableCollision: 0
  m_EnablePreprocessing: 0
  m_MassScale: 1
  m_ConnectedMassScale: 1
--- !u!114 &2102348274
MonoBehaviour:
  m_ObjectHideFlags: 0
  m_CorrespondingSourceObject: {fileID: 0}
  m_PrefabInstance: {fileID: 0}
  m_PrefabAsset: {fileID: 0}
  m_GameObject: {fileID: 7269415874133326047}
  m_Enabled: 1
  m_EditorHideFlags: 0
  m_Script: {fileID: 11500000, guid: 5fa2209613f518040956432ec70f9dd1, type: 3}
  m_Name: 
  m_EditorClassIdentifier: 
  _sprites: {fileID: 11400000, guid: 233b73c6890b1e645ae40efbf0c93092, type: 2}
  _randomOffset: {x: 0.2, y: 0, z: 0.2}
  _randomScale: {x: 0.4, y: 0, z: 0.4}
  _bloodItemPrefab: {fileID: 2222123102274608074, guid: 929341244b251d643a310c085472ec64,
    type: 3}
  _soundTrigger: {fileID: 0}
--- !u!1 &7326427642508003111
GameObject:
  m_ObjectHideFlags: 0
  m_CorrespondingSourceObject: {fileID: 0}
  m_PrefabInstance: {fileID: 0}
  m_PrefabAsset: {fileID: 0}
  serializedVersion: 6
  m_Component:
  - component: {fileID: 3182605716136261585}
  m_Layer: 10
  m_Name: mixamorig:LeftHand_end
  m_TagString: Untagged
  m_Icon: {fileID: 0}
  m_NavMeshLayer: 0
  m_StaticEditorFlags: 0
  m_IsActive: 1
--- !u!4 &3182605716136261585
Transform:
  m_ObjectHideFlags: 0
  m_CorrespondingSourceObject: {fileID: 0}
  m_PrefabInstance: {fileID: 0}
  m_PrefabAsset: {fileID: 0}
  m_GameObject: {fileID: 7326427642508003111}
  m_LocalRotation: {x: 0, y: -0, z: -0, w: 1}
  m_LocalPosition: {x: -0, y: 0.8032186, z: 0}
  m_LocalScale: {x: 1, y: 1, z: 1}
  m_Children: []
  m_Father: {fileID: 3663268086109077565}
  m_RootOrder: 0
  m_LocalEulerAnglesHint: {x: 0, y: 0, z: 0}
--- !u!1 &7409784720270114033
GameObject:
  m_ObjectHideFlags: 0
  m_CorrespondingSourceObject: {fileID: 0}
  m_PrefabInstance: {fileID: 0}
  m_PrefabAsset: {fileID: 0}
  serializedVersion: 6
  m_Component:
  - component: {fileID: 8958739082473526875}
  m_Layer: 10
  m_Name: mixamorig:RightHand_end
  m_TagString: Untagged
  m_Icon: {fileID: 0}
  m_NavMeshLayer: 0
  m_StaticEditorFlags: 0
  m_IsActive: 1
--- !u!4 &8958739082473526875
Transform:
  m_ObjectHideFlags: 0
  m_CorrespondingSourceObject: {fileID: 0}
  m_PrefabInstance: {fileID: 0}
  m_PrefabAsset: {fileID: 0}
  m_GameObject: {fileID: 7409784720270114033}
  m_LocalRotation: {x: 0, y: -0, z: -0, w: 1}
  m_LocalPosition: {x: -0, y: 0.8033029, z: 0}
  m_LocalScale: {x: 1, y: 1, z: 1}
  m_Children: []
  m_Father: {fileID: 6684414321266881829}
  m_RootOrder: 0
  m_LocalEulerAnglesHint: {x: 0, y: 0, z: 0}
--- !u!1 &8020117581623643886
GameObject:
  m_ObjectHideFlags: 0
  m_CorrespondingSourceObject: {fileID: 0}
  m_PrefabInstance: {fileID: 0}
  m_PrefabAsset: {fileID: 0}
  serializedVersion: 6
  m_Component:
  - component: {fileID: 6991348350115276614}
  - component: {fileID: 537411127}
  - component: {fileID: 537411128}
  - component: {fileID: 537411126}
  - component: {fileID: 537411129}
  m_Layer: 10
  m_Name: mixamorig:LeftLeg
  m_TagString: Untagged
  m_Icon: {fileID: 0}
  m_NavMeshLayer: 0
  m_StaticEditorFlags: 0
  m_IsActive: 1
--- !u!4 &6991348350115276614
Transform:
  m_ObjectHideFlags: 0
  m_CorrespondingSourceObject: {fileID: 0}
  m_PrefabInstance: {fileID: 0}
  m_PrefabAsset: {fileID: 0}
  m_GameObject: {fileID: 8020117581623643886}
  m_LocalRotation: {x: -0.013041855, y: -0.00058982905, z: 0.031899475, w: 0.9994058}
  m_LocalPosition: {x: -0.000000042904865, y: 1.1496403, z: -0.000000004134199}
  m_LocalScale: {x: 1, y: 0.99999964, z: 0.99999976}
  m_Children:
  - {fileID: 8716240580996004658}
  m_Father: {fileID: 5571727489399236473}
  m_RootOrder: 0
  m_LocalEulerAnglesHint: {x: 0, y: 0, z: 0}
--- !u!54 &537411127
Rigidbody:
  m_ObjectHideFlags: 0
  m_CorrespondingSourceObject: {fileID: 0}
  m_PrefabInstance: {fileID: 0}
  m_PrefabAsset: {fileID: 0}
  m_GameObject: {fileID: 8020117581623643886}
  serializedVersion: 2
  m_Mass: 1.875
  m_Drag: 0
  m_AngularDrag: 0.05
  m_UseGravity: 1
  m_IsKinematic: 0
  m_Interpolate: 0
  m_Constraints: 0
  m_CollisionDetection: 0
--- !u!136 &537411128
CapsuleCollider:
  m_ObjectHideFlags: 0
  m_CorrespondingSourceObject: {fileID: 0}
  m_PrefabInstance: {fileID: 0}
  m_PrefabAsset: {fileID: 0}
  m_GameObject: {fileID: 8020117581623643886}
  m_Material: {fileID: 0}
  m_IsTrigger: 0
  m_Enabled: 1
  m_Radius: 0.34373304
  m_Height: 1.3749322
  m_Direction: 1
  m_Center: {x: 0, y: 0.6874661, z: 0}
--- !u!144 &537411126
CharacterJoint:
  m_ObjectHideFlags: 0
  m_CorrespondingSourceObject: {fileID: 0}
  m_PrefabInstance: {fileID: 0}
  m_PrefabAsset: {fileID: 0}
  m_GameObject: {fileID: 8020117581623643886}
  m_ConnectedBody: {fileID: 1867216403}
  m_Anchor: {x: 0, y: 0, z: 0}
  m_Axis: {x: -1, y: 0, z: 0}
  m_AutoConfigureConnectedAnchor: 1
  m_ConnectedAnchor: {x: -0.00000004097282, y: 1.1496398, z: -0.000000074505564}
  serializedVersion: 2
  m_SwingAxis: {x: 0, y: 0, z: 1}
  m_TwistLimitSpring:
    spring: 0
    damper: 0
  m_LowTwistLimit:
    limit: -80
    bounciness: 0
    contactDistance: 0
  m_HighTwistLimit:
    limit: 0
    bounciness: 0
    contactDistance: 0
  m_SwingLimitSpring:
    spring: 0
    damper: 0
  m_Swing1Limit:
    limit: 0
    bounciness: 0
    contactDistance: 0
  m_Swing2Limit:
    limit: 0
    bounciness: 0
    contactDistance: 0
  m_EnableProjection: 0
  m_ProjectionDistance: 0.1
  m_ProjectionAngle: 180
  m_BreakForce: Infinity
  m_BreakTorque: Infinity
  m_EnableCollision: 0
  m_EnablePreprocessing: 0
  m_MassScale: 1
  m_ConnectedMassScale: 1
--- !u!114 &537411129
MonoBehaviour:
  m_ObjectHideFlags: 0
  m_CorrespondingSourceObject: {fileID: 0}
  m_PrefabInstance: {fileID: 0}
  m_PrefabAsset: {fileID: 0}
  m_GameObject: {fileID: 8020117581623643886}
  m_Enabled: 1
  m_EditorHideFlags: 0
  m_Script: {fileID: 11500000, guid: 5fa2209613f518040956432ec70f9dd1, type: 3}
  m_Name: 
  m_EditorClassIdentifier: 
  _sprites: {fileID: 11400000, guid: 233b73c6890b1e645ae40efbf0c93092, type: 2}
  _randomOffset: {x: 0.2, y: 0, z: 0.2}
  _randomScale: {x: 0.4, y: 0, z: 0.4}
  _bloodItemPrefab: {fileID: 2222123102274608074, guid: 929341244b251d643a310c085472ec64,
    type: 3}
  _soundTrigger: {fileID: 0}
--- !u!1 &8058173296902092245
GameObject:
  m_ObjectHideFlags: 0
  m_CorrespondingSourceObject: {fileID: 0}
  m_PrefabInstance: {fileID: 0}
  m_PrefabAsset: {fileID: 0}
  serializedVersion: 6
  m_Component:
  - component: {fileID: 7570507175098286131}
  - component: {fileID: 905010134}
  - component: {fileID: 905010135}
  - component: {fileID: 905010133}
  - component: {fileID: 905010136}
  m_Layer: 10
  m_Name: mixamorig:LeftForeArm
  m_TagString: Untagged
  m_Icon: {fileID: 0}
  m_NavMeshLayer: 0
  m_StaticEditorFlags: 0
  m_IsActive: 1
--- !u!4 &7570507175098286131
Transform:
  m_ObjectHideFlags: 0
  m_CorrespondingSourceObject: {fileID: 0}
  m_PrefabInstance: {fileID: 0}
  m_PrefabAsset: {fileID: 0}
  m_GameObject: {fileID: 8058173296902092245}
  m_LocalRotation: {x: -0.0000002542716, y: 0.00005262439, z: 0.000000031587174, w: 1}
  m_LocalPosition: {x: -0.0000000040641863, y: 0.6909453, z: 0.000000045618943}
  m_LocalScale: {x: 1, y: 0.9999999, z: 0.9999998}
  m_Children:
  - {fileID: 3663268086109077565}
  m_Father: {fileID: 2927822244303383162}
  m_RootOrder: 0
  m_LocalEulerAnglesHint: {x: 0, y: 0, z: 0}
--- !u!54 &905010134
Rigidbody:
  m_ObjectHideFlags: 0
  m_CorrespondingSourceObject: {fileID: 0}
  m_PrefabInstance: {fileID: 0}
  m_PrefabAsset: {fileID: 0}
  m_GameObject: {fileID: 8058173296902092245}
  serializedVersion: 2
  m_Mass: 1.25
  m_Drag: 0
  m_AngularDrag: 0.05
  m_UseGravity: 1
  m_IsKinematic: 0
  m_Interpolate: 0
  m_Constraints: 0
  m_CollisionDetection: 0
--- !u!136 &905010135
CapsuleCollider:
  m_ObjectHideFlags: 0
  m_CorrespondingSourceObject: {fileID: 0}
  m_PrefabInstance: {fileID: 0}
  m_PrefabAsset: {fileID: 0}
  m_GameObject: {fileID: 8058173296902092245}
  m_Material: {fileID: 0}
  m_IsTrigger: 0
  m_Enabled: 1
  m_Radius: 0.3212876
  m_Height: 1.6064379
  m_Direction: 1
  m_Center: {x: 0, y: 0.80321896, z: 0}
--- !u!144 &905010133
CharacterJoint:
  m_ObjectHideFlags: 0
  m_CorrespondingSourceObject: {fileID: 0}
  m_PrefabInstance: {fileID: 0}
  m_PrefabAsset: {fileID: 0}
  m_GameObject: {fileID: 8058173296902092245}
  m_ConnectedBody: {fileID: 26868352}
  m_Anchor: {x: 0, y: 0, z: 0}
  m_Axis: {x: 1, y: 0, z: 0}
  m_AutoConfigureConnectedAnchor: 1
  m_ConnectedAnchor: {x: 0.00000010617076, y: 0.69094545, z: 0.00000034272662}
  serializedVersion: 2
  m_SwingAxis: {x: 0, y: 0, z: -1}
  m_TwistLimitSpring:
    spring: 0
    damper: 0
  m_LowTwistLimit:
    limit: -90
    bounciness: 0
    contactDistance: 0
  m_HighTwistLimit:
    limit: 0
    bounciness: 0
    contactDistance: 0
  m_SwingLimitSpring:
    spring: 0
    damper: 0
  m_Swing1Limit:
    limit: 0
    bounciness: 0
    contactDistance: 0
  m_Swing2Limit:
    limit: 0
    bounciness: 0
    contactDistance: 0
  m_EnableProjection: 0
  m_ProjectionDistance: 0.1
  m_ProjectionAngle: 180
  m_BreakForce: Infinity
  m_BreakTorque: Infinity
  m_EnableCollision: 0
  m_EnablePreprocessing: 0
  m_MassScale: 1
  m_ConnectedMassScale: 1
--- !u!114 &905010136
MonoBehaviour:
  m_ObjectHideFlags: 0
  m_CorrespondingSourceObject: {fileID: 0}
  m_PrefabInstance: {fileID: 0}
  m_PrefabAsset: {fileID: 0}
  m_GameObject: {fileID: 8058173296902092245}
  m_Enabled: 1
  m_EditorHideFlags: 0
  m_Script: {fileID: 11500000, guid: 5fa2209613f518040956432ec70f9dd1, type: 3}
  m_Name: 
  m_EditorClassIdentifier: 
  _sprites: {fileID: 11400000, guid: 233b73c6890b1e645ae40efbf0c93092, type: 2}
  _randomOffset: {x: 0.2, y: 0, z: 0.2}
  _randomScale: {x: 0.4, y: 0, z: 0.4}
  _bloodItemPrefab: {fileID: 2222123102274608074, guid: 929341244b251d643a310c085472ec64,
    type: 3}
  _soundTrigger: {fileID: 0}
--- !u!1 &8452349534660206039
GameObject:
  m_ObjectHideFlags: 0
  m_CorrespondingSourceObject: {fileID: 0}
  m_PrefabInstance: {fileID: 0}
  m_PrefabAsset: {fileID: 0}
  serializedVersion: 6
  m_Component:
  - component: {fileID: 8354198673897923870}
  m_Layer: 10
  m_Name: mixamorig:RightShoulder
  m_TagString: Untagged
  m_Icon: {fileID: 0}
  m_NavMeshLayer: 0
  m_StaticEditorFlags: 0
  m_IsActive: 1
--- !u!4 &8354198673897923870
Transform:
  m_ObjectHideFlags: 0
  m_CorrespondingSourceObject: {fileID: 0}
  m_PrefabInstance: {fileID: 0}
  m_PrefabAsset: {fileID: 0}
  m_GameObject: {fileID: 8452349534660206039}
  m_LocalRotation: {x: -0.5744186, y: -0.40951693, z: 0.58258724, w: -0.40364745}
  m_LocalPosition: {x: 0.14861041, y: 0.31318626, z: -0.0020720458}
  m_LocalScale: {x: 1.0000001, y: 1.0000001, z: 1}
  m_Children:
  - {fileID: 6444952016537950516}
  m_Father: {fileID: 8099931049758329020}
  m_RootOrder: 2
  m_LocalEulerAnglesHint: {x: 0, y: 0, z: 0}
--- !u!1 &8775257319341320469
GameObject:
  m_ObjectHideFlags: 0
  m_CorrespondingSourceObject: {fileID: 0}
  m_PrefabInstance: {fileID: 0}
  m_PrefabAsset: {fileID: 0}
  serializedVersion: 6
  m_Component:
  - component: {fileID: 409357146954842339}
  m_Layer: 10
  m_Name: mixamorig:Neck
  m_TagString: Untagged
  m_Icon: {fileID: 0}
  m_NavMeshLayer: 0
  m_StaticEditorFlags: 0
  m_IsActive: 1
--- !u!4 &409357146954842339
Transform:
  m_ObjectHideFlags: 0
  m_CorrespondingSourceObject: {fileID: 0}
  m_PrefabInstance: {fileID: 0}
  m_PrefabAsset: {fileID: 0}
  m_GameObject: {fileID: 8775257319341320469}
  m_LocalRotation: {x: 0.020260287, y: 3.8017854e-14, z: 2.2819073e-13, w: 0.9997947}
  m_LocalPosition: {x: 9.694558e-14, y: 0.36543614, z: -0.000000021457671}
  m_LocalScale: {x: 1, y: 0.99999994, z: 1}
  m_Children:
  - {fileID: 69960043627592509}
  m_Father: {fileID: 8099931049758329020}
  m_RootOrder: 1
  m_LocalEulerAnglesHint: {x: 0, y: 0, z: 0}
--- !u!1 &8779736161653142641
GameObject:
  m_ObjectHideFlags: 0
  m_CorrespondingSourceObject: {fileID: 0}
  m_PrefabInstance: {fileID: 0}
  m_PrefabAsset: {fileID: 0}
  serializedVersion: 6
  m_Component:
  - component: {fileID: 8900801351671468770}
  m_Layer: 2
  m_Name: Armature.001
  m_TagString: Untagged
  m_Icon: {fileID: 0}
  m_NavMeshLayer: 0
  m_StaticEditorFlags: 0
  m_IsActive: 1
--- !u!4 &8900801351671468770
Transform:
  m_ObjectHideFlags: 0
  m_CorrespondingSourceObject: {fileID: 0}
  m_PrefabInstance: {fileID: 0}
  m_PrefabAsset: {fileID: 0}
  m_GameObject: {fileID: 8779736161653142641}
  m_LocalRotation: {x: 0.000000081460335, y: -0, z: -0, w: 1}
  m_LocalPosition: {x: -0, y: 0, z: 0}
  m_LocalScale: {x: 1, y: 1, z: 1}
  m_Children:
  - {fileID: 4816578159195579105}
  m_Father: {fileID: 4231780607377482488}
  m_RootOrder: 0
  m_LocalEulerAnglesHint: {x: 0, y: 0, z: 0}
--- !u!1 &8850900999863981588
GameObject:
  m_ObjectHideFlags: 0
  m_CorrespondingSourceObject: {fileID: 0}
  m_PrefabInstance: {fileID: 0}
  m_PrefabAsset: {fileID: 0}
  serializedVersion: 6
  m_Component:
  - component: {fileID: 9194365206495978523}
  - component: {fileID: 834958110}
  - component: {fileID: 834958111}
  - component: {fileID: 834958109}
  - component: {fileID: 834958112}
  m_Layer: 10
  m_Name: mixamorig:RightForeArm
  m_TagString: Untagged
  m_Icon: {fileID: 0}
  m_NavMeshLayer: 0
  m_StaticEditorFlags: 0
  m_IsActive: 1
--- !u!4 &9194365206495978523
Transform:
  m_ObjectHideFlags: 0
  m_CorrespondingSourceObject: {fileID: 0}
  m_PrefabInstance: {fileID: 0}
  m_PrefabAsset: {fileID: 0}
  m_GameObject: {fileID: 8850900999863981588}
  m_LocalRotation: {x: -0.00000017608454, y: -0.00008913129, z: 0.00000013976849,
    w: 1}
  m_LocalPosition: {x: 0.000000005227448, y: 0.690908, z: 0.00000007847095}
  m_LocalScale: {x: 1.0000002, y: 1, z: 0.9999999}
  m_Children:
  - {fileID: 6684414321266881829}
  m_Father: {fileID: 6444952016537950516}
  m_RootOrder: 0
  m_LocalEulerAnglesHint: {x: 0, y: 0, z: 0}
--- !u!54 &834958110
Rigidbody:
  m_ObjectHideFlags: 0
  m_CorrespondingSourceObject: {fileID: 0}
  m_PrefabInstance: {fileID: 0}
  m_PrefabAsset: {fileID: 0}
  m_GameObject: {fileID: 8850900999863981588}
  serializedVersion: 2
  m_Mass: 1.25
  m_Drag: 0
  m_AngularDrag: 0.05
  m_UseGravity: 1
  m_IsKinematic: 0
  m_Interpolate: 0
  m_Constraints: 0
  m_CollisionDetection: 0
--- !u!136 &834958111
CapsuleCollider:
  m_ObjectHideFlags: 0
  m_CorrespondingSourceObject: {fileID: 0}
  m_PrefabInstance: {fileID: 0}
  m_PrefabAsset: {fileID: 0}
  m_GameObject: {fileID: 8850900999863981588}
  m_Material: {fileID: 0}
  m_IsTrigger: 0
  m_Enabled: 1
  m_Radius: 0.32132134
  m_Height: 1.6066067
  m_Direction: 1
  m_Center: {x: 0, y: 0.80330336, z: 0}
--- !u!144 &834958109
CharacterJoint:
  m_ObjectHideFlags: 0
  m_CorrespondingSourceObject: {fileID: 0}
  m_PrefabInstance: {fileID: 0}
  m_PrefabAsset: {fileID: 0}
  m_GameObject: {fileID: 8850900999863981588}
  m_ConnectedBody: {fileID: 2102348275}
  m_Anchor: {x: 0, y: 0, z: 0}
  m_Axis: {x: -1, y: 0, z: 0}
  m_AutoConfigureConnectedAnchor: 1
  m_ConnectedAnchor: {x: 0.00000017695129, y: 0.690908, z: 0.0000007003546}
  serializedVersion: 2
  m_SwingAxis: {x: 0, y: 0, z: -1}
  m_TwistLimitSpring:
    spring: 0
    damper: 0
  m_LowTwistLimit:
    limit: -90
    bounciness: 0
    contactDistance: 0
  m_HighTwistLimit:
    limit: 0
    bounciness: 0
    contactDistance: 0
  m_SwingLimitSpring:
    spring: 0
    damper: 0
  m_Swing1Limit:
    limit: 0
    bounciness: 0
    contactDistance: 0
  m_Swing2Limit:
    limit: 0
    bounciness: 0
    contactDistance: 0
  m_EnableProjection: 0
  m_ProjectionDistance: 0.1
  m_ProjectionAngle: 180
  m_BreakForce: Infinity
  m_BreakTorque: Infinity
  m_EnableCollision: 0
  m_EnablePreprocessing: 0
  m_MassScale: 1
  m_ConnectedMassScale: 1
--- !u!114 &834958112
MonoBehaviour:
  m_ObjectHideFlags: 0
  m_CorrespondingSourceObject: {fileID: 0}
  m_PrefabInstance: {fileID: 0}
  m_PrefabAsset: {fileID: 0}
  m_GameObject: {fileID: 8850900999863981588}
  m_Enabled: 1
  m_EditorHideFlags: 0
  m_Script: {fileID: 11500000, guid: 5fa2209613f518040956432ec70f9dd1, type: 3}
  m_Name: 
  m_EditorClassIdentifier: 
  _sprites: {fileID: 11400000, guid: 233b73c6890b1e645ae40efbf0c93092, type: 2}
  _randomOffset: {x: 0.2, y: 0, z: 0.2}
  _randomScale: {x: 0.4, y: 0, z: 0.4}
  _bloodItemPrefab: {fileID: 2222123102274608074, guid: 929341244b251d643a310c085472ec64,
    type: 3}
  _soundTrigger: {fileID: 0}
--- !u!1001 &6599732715206271074
PrefabInstance:
  m_ObjectHideFlags: 0
  serializedVersion: 2
  m_Modification:
    m_TransformParent: {fileID: 8099931049758329020}
    m_Modifications:
    - target: {fileID: 143761936600841923, guid: 54dd04e102d4cd94eb9df5a2b579d8e3,
        type: 3}
      propertyPath: m_Layer
      value: 10
      objectReference: {fileID: 0}
    - target: {fileID: 143761937294026300, guid: 54dd04e102d4cd94eb9df5a2b579d8e3,
        type: 3}
      propertyPath: m_Layer
      value: 10
      objectReference: {fileID: 0}
    - target: {fileID: 143761937501864202, guid: 54dd04e102d4cd94eb9df5a2b579d8e3,
        type: 3}
      propertyPath: m_Layer
      value: 10
      objectReference: {fileID: 0}
    - target: {fileID: 224775877235026257, guid: 54dd04e102d4cd94eb9df5a2b579d8e3,
        type: 3}
      propertyPath: m_Layer
      value: 10
      objectReference: {fileID: 0}
    - target: {fileID: 224775877442866791, guid: 54dd04e102d4cd94eb9df5a2b579d8e3,
        type: 3}
      propertyPath: m_Layer
      value: 10
      objectReference: {fileID: 0}
    - target: {fileID: 224775878420918702, guid: 54dd04e102d4cd94eb9df5a2b579d8e3,
        type: 3}
      propertyPath: m_Layer
      value: 10
      objectReference: {fileID: 0}
    - target: {fileID: 379872135148255369, guid: 54dd04e102d4cd94eb9df5a2b579d8e3,
        type: 3}
      propertyPath: m_Layer
      value: 10
      objectReference: {fileID: 0}
    - target: {fileID: 379872135833051254, guid: 54dd04e102d4cd94eb9df5a2b579d8e3,
        type: 3}
      propertyPath: m_Layer
      value: 10
      objectReference: {fileID: 0}
    - target: {fileID: 379872136057145152, guid: 54dd04e102d4cd94eb9df5a2b579d8e3,
        type: 3}
      propertyPath: m_Layer
      value: 10
      objectReference: {fileID: 0}
    - target: {fileID: 551108182996661248, guid: 54dd04e102d4cd94eb9df5a2b579d8e3,
        type: 3}
      propertyPath: m_Name
      value: numbers
      objectReference: {fileID: 0}
    - target: {fileID: 551108182996661248, guid: 54dd04e102d4cd94eb9df5a2b579d8e3,
        type: 3}
      propertyPath: m_Layer
      value: 10
      objectReference: {fileID: 0}
    - target: {fileID: 551108182996661249, guid: 54dd04e102d4cd94eb9df5a2b579d8e3,
        type: 3}
      propertyPath: m_LocalPosition.x
      value: -0.3695
      objectReference: {fileID: 0}
    - target: {fileID: 551108182996661249, guid: 54dd04e102d4cd94eb9df5a2b579d8e3,
        type: 3}
      propertyPath: m_LocalPosition.y
      value: -0.061811
      objectReference: {fileID: 0}
    - target: {fileID: 551108182996661249, guid: 54dd04e102d4cd94eb9df5a2b579d8e3,
        type: 3}
      propertyPath: m_LocalPosition.z
      value: -0.31747
      objectReference: {fileID: 0}
    - target: {fileID: 551108182996661249, guid: 54dd04e102d4cd94eb9df5a2b579d8e3,
        type: 3}
      propertyPath: m_LocalRotation.x
      value: 0
      objectReference: {fileID: 0}
    - target: {fileID: 551108182996661249, guid: 54dd04e102d4cd94eb9df5a2b579d8e3,
        type: 3}
      propertyPath: m_LocalRotation.y
      value: 0.7071068
      objectReference: {fileID: 0}
    - target: {fileID: 551108182996661249, guid: 54dd04e102d4cd94eb9df5a2b579d8e3,
        type: 3}
      propertyPath: m_LocalRotation.z
      value: -0.7071068
      objectReference: {fileID: 0}
    - target: {fileID: 551108182996661249, guid: 54dd04e102d4cd94eb9df5a2b579d8e3,
        type: 3}
      propertyPath: m_LocalRotation.w
      value: 0
      objectReference: {fileID: 0}
    - target: {fileID: 551108182996661249, guid: 54dd04e102d4cd94eb9df5a2b579d8e3,
        type: 3}
      propertyPath: m_RootOrder
      value: 3
      objectReference: {fileID: 0}
    - target: {fileID: 551108182996661249, guid: 54dd04e102d4cd94eb9df5a2b579d8e3,
        type: 3}
      propertyPath: m_LocalEulerAnglesHint.x
      value: 90
      objectReference: {fileID: 0}
    - target: {fileID: 551108182996661249, guid: 54dd04e102d4cd94eb9df5a2b579d8e3,
        type: 3}
      propertyPath: m_LocalEulerAnglesHint.y
      value: 180
      objectReference: {fileID: 0}
    - target: {fileID: 551108182996661249, guid: 54dd04e102d4cd94eb9df5a2b579d8e3,
        type: 3}
      propertyPath: m_LocalEulerAnglesHint.z
      value: 0
      objectReference: {fileID: 0}
    - target: {fileID: 551108182996661249, guid: 54dd04e102d4cd94eb9df5a2b579d8e3,
        type: 3}
      propertyPath: m_LocalScale.x
      value: 0.43601957
      objectReference: {fileID: 0}
    - target: {fileID: 551108182996661249, guid: 54dd04e102d4cd94eb9df5a2b579d8e3,
        type: 3}
      propertyPath: m_LocalScale.y
      value: 0.5638865
      objectReference: {fileID: 0}
    - target: {fileID: 551108182996661249, guid: 54dd04e102d4cd94eb9df5a2b579d8e3,
        type: 3}
      propertyPath: m_LocalScale.z
      value: 0.5638865
      objectReference: {fileID: 0}
    - target: {fileID: 1422946124851834738, guid: 54dd04e102d4cd94eb9df5a2b579d8e3,
        type: 3}
      propertyPath: m_Layer
      value: 10
      objectReference: {fileID: 0}
    - target: {fileID: 1422946125214337092, guid: 54dd04e102d4cd94eb9df5a2b579d8e3,
        type: 3}
      propertyPath: m_Layer
      value: 10
      objectReference: {fileID: 0}
    - target: {fileID: 1422946126022709435, guid: 54dd04e102d4cd94eb9df5a2b579d8e3,
        type: 3}
      propertyPath: m_Layer
      value: 10
      objectReference: {fileID: 0}
    - target: {fileID: 1821406222807449345, guid: 54dd04e102d4cd94eb9df5a2b579d8e3,
        type: 3}
      propertyPath: m_Layer
      value: 10
      objectReference: {fileID: 0}
    - target: {fileID: 1821406223676663806, guid: 54dd04e102d4cd94eb9df5a2b579d8e3,
        type: 3}
      propertyPath: m_Layer
      value: 10
      objectReference: {fileID: 0}
    - target: {fileID: 1821406223984640200, guid: 54dd04e102d4cd94eb9df5a2b579d8e3,
        type: 3}
      propertyPath: m_Layer
      value: 10
      objectReference: {fileID: 0}
    - target: {fileID: 4533197329389875588, guid: 54dd04e102d4cd94eb9df5a2b579d8e3,
        type: 3}
      propertyPath: m_Layer
      value: 10
      objectReference: {fileID: 0}
    - target: {fileID: 4533197329719416498, guid: 54dd04e102d4cd94eb9df5a2b579d8e3,
        type: 3}
      propertyPath: m_Layer
      value: 10
      objectReference: {fileID: 0}
    - target: {fileID: 4533197330898823547, guid: 54dd04e102d4cd94eb9df5a2b579d8e3,
        type: 3}
      propertyPath: m_Layer
      value: 10
      objectReference: {fileID: 0}
    - target: {fileID: 4818668215377515636, guid: 54dd04e102d4cd94eb9df5a2b579d8e3,
        type: 3}
      propertyPath: m_LocalPosition.x
      value: 0.022
      objectReference: {fileID: 0}
    - target: {fileID: 4818668215377515636, guid: 54dd04e102d4cd94eb9df5a2b579d8e3,
        type: 3}
      propertyPath: m_LocalPosition.y
      value: -0
      objectReference: {fileID: 0}
    - target: {fileID: 4818668215377515636, guid: 54dd04e102d4cd94eb9df5a2b579d8e3,
        type: 3}
      propertyPath: m_LocalPosition.z
      value: 0.4
      objectReference: {fileID: 0}
    - target: {fileID: 4818668215606342466, guid: 54dd04e102d4cd94eb9df5a2b579d8e3,
        type: 3}
      propertyPath: m_LocalPosition.x
      value: -0.528
      objectReference: {fileID: 0}
    - target: {fileID: 4818668215606342466, guid: 54dd04e102d4cd94eb9df5a2b579d8e3,
        type: 3}
      propertyPath: m_LocalPosition.y
      value: -0
      objectReference: {fileID: 0}
    - target: {fileID: 4818668215606342466, guid: 54dd04e102d4cd94eb9df5a2b579d8e3,
        type: 3}
      propertyPath: m_LocalPosition.z
      value: 0.4
      objectReference: {fileID: 0}
    - target: {fileID: 4818668216624556989, guid: 54dd04e102d4cd94eb9df5a2b579d8e3,
        type: 3}
      propertyPath: m_LocalPosition.x
      value: -1.078
      objectReference: {fileID: 0}
    - target: {fileID: 4818668216624556989, guid: 54dd04e102d4cd94eb9df5a2b579d8e3,
        type: 3}
      propertyPath: m_LocalPosition.y
      value: 0.01
      objectReference: {fileID: 0}
    - target: {fileID: 4818668216624556989, guid: 54dd04e102d4cd94eb9df5a2b579d8e3,
        type: 3}
      propertyPath: m_LocalPosition.z
      value: 0.41
      objectReference: {fileID: 0}
    - target: {fileID: 6279893490747324488, guid: 54dd04e102d4cd94eb9df5a2b579d8e3,
        type: 3}
      propertyPath: m_Layer
      value: 10
      objectReference: {fileID: 0}
    - target: {fileID: 6279893490942648190, guid: 54dd04e102d4cd94eb9df5a2b579d8e3,
        type: 3}
      propertyPath: m_Layer
      value: 10
      objectReference: {fileID: 0}
    - target: {fileID: 6279893491918948225, guid: 54dd04e102d4cd94eb9df5a2b579d8e3,
        type: 3}
      propertyPath: m_Layer
      value: 10
      objectReference: {fileID: 0}
    - target: {fileID: 7140224663284310240, guid: 54dd04e102d4cd94eb9df5a2b579d8e3,
        type: 3}
      propertyPath: m_Layer
      value: 10
      objectReference: {fileID: 0}
    - target: {fileID: 7140224663462856662, guid: 54dd04e102d4cd94eb9df5a2b579d8e3,
        type: 3}
      propertyPath: m_Layer
      value: 10
      objectReference: {fileID: 0}
    - target: {fileID: 7140224664373704735, guid: 54dd04e102d4cd94eb9df5a2b579d8e3,
        type: 3}
      propertyPath: m_Layer
      value: 10
      objectReference: {fileID: 0}
    - target: {fileID: 8395836629705152942, guid: 54dd04e102d4cd94eb9df5a2b579d8e3,
        type: 3}
      propertyPath: m_Layer
      value: 10
      objectReference: {fileID: 0}
    - target: {fileID: 8395836630943671911, guid: 54dd04e102d4cd94eb9df5a2b579d8e3,
        type: 3}
      propertyPath: m_Layer
      value: 10
      objectReference: {fileID: 0}
    - target: {fileID: 8395836631255908689, guid: 54dd04e102d4cd94eb9df5a2b579d8e3,
        type: 3}
      propertyPath: m_Layer
      value: 10
      objectReference: {fileID: 0}
    - target: {fileID: 8436444788375605688, guid: 54dd04e102d4cd94eb9df5a2b579d8e3,
        type: 3}
      propertyPath: m_Layer
      value: 10
      objectReference: {fileID: 0}
    - target: {fileID: 8436444789102315847, guid: 54dd04e102d4cd94eb9df5a2b579d8e3,
        type: 3}
      propertyPath: m_Layer
      value: 10
      objectReference: {fileID: 0}
    - target: {fileID: 8436444789276618353, guid: 54dd04e102d4cd94eb9df5a2b579d8e3,
        type: 3}
      propertyPath: m_Layer
      value: 10
      objectReference: {fileID: 0}
    - target: {fileID: 8640362692464377308, guid: 54dd04e102d4cd94eb9df5a2b579d8e3,
        type: 3}
      propertyPath: m_Layer
      value: 10
      objectReference: {fileID: 0}
    - target: {fileID: 8640362693306426659, guid: 54dd04e102d4cd94eb9df5a2b579d8e3,
        type: 3}
      propertyPath: m_Layer
      value: 10
      objectReference: {fileID: 0}
    - target: {fileID: 8640362693635965461, guid: 54dd04e102d4cd94eb9df5a2b579d8e3,
        type: 3}
      propertyPath: m_Layer
      value: 10
      objectReference: {fileID: 0}
    m_RemovedComponents: []
  m_SourcePrefab: {fileID: 100100000, guid: 54dd04e102d4cd94eb9df5a2b579d8e3, type: 3}
--- !u!4 &4960012650982338932 stripped
Transform:
  m_CorrespondingSourceObject: {fileID: 2252772649704493334, guid: 54dd04e102d4cd94eb9df5a2b579d8e3,
    type: 3}
  m_PrefabInstance: {fileID: 6599732715206271074}
  m_PrefabAsset: {fileID: 0}
--- !u!4 &385424424509336930 stripped
Transform:
  m_CorrespondingSourceObject: {fileID: 6831882057502133504, guid: 54dd04e102d4cd94eb9df5a2b579d8e3,
    type: 3}
  m_PrefabInstance: {fileID: 6599732715206271074}
  m_PrefabAsset: {fileID: 0}
--- !u!4 &4729922148611903191 stripped
Transform:
  m_CorrespondingSourceObject: {fileID: 1887846974966148789, guid: 54dd04e102d4cd94eb9df5a2b579d8e3,
    type: 3}
  m_PrefabInstance: {fileID: 6599732715206271074}
  m_PrefabAsset: {fileID: 0}
--- !u!4 &7909590164044356864 stripped
Transform:
  m_CorrespondingSourceObject: {fileID: 3914322593480277346, guid: 54dd04e102d4cd94eb9df5a2b579d8e3,
    type: 3}
  m_PrefabInstance: {fileID: 6599732715206271074}
  m_PrefabAsset: {fileID: 0}
--- !u!4 &7640985117195291774 stripped
Transform:
  m_CorrespondingSourceObject: {fileID: 3574959300522290204, guid: 54dd04e102d4cd94eb9df5a2b579d8e3,
    type: 3}
  m_PrefabInstance: {fileID: 6599732715206271074}
  m_PrefabAsset: {fileID: 0}
--- !u!4 &6484203293914947696 stripped
Transform:
  m_CorrespondingSourceObject: {fileID: 174076306677497874, guid: 54dd04e102d4cd94eb9df5a2b579d8e3,
    type: 3}
  m_PrefabInstance: {fileID: 6599732715206271074}
  m_PrefabAsset: {fileID: 0}
--- !u!4 &2228651430493627089 stripped
Transform:
  m_CorrespondingSourceObject: {fileID: 5006656274949587635, guid: 54dd04e102d4cd94eb9df5a2b579d8e3,
    type: 3}
  m_PrefabInstance: {fileID: 6599732715206271074}
  m_PrefabAsset: {fileID: 0}
--- !u!1 &3392042982191161651 stripped
GameObject:
  m_CorrespondingSourceObject: {fileID: 8395836631255908689, guid: 54dd04e102d4cd94eb9df5a2b579d8e3,
    type: 3}
  m_PrefabInstance: {fileID: 6599732715206271074}
  m_PrefabAsset: {fileID: 0}
--- !u!4 &4725061176334979315 stripped
Transform:
  m_CorrespondingSourceObject: {fileID: 1874693623359697041, guid: 54dd04e102d4cd94eb9df5a2b579d8e3,
    type: 3}
  m_PrefabInstance: {fileID: 6599732715206271074}
  m_PrefabAsset: {fileID: 0}
--- !u!4 &8496415217993200775 stripped
Transform:
  m_CorrespondingSourceObject: {fileID: 3350574149974217957, guid: 54dd04e102d4cd94eb9df5a2b579d8e3,
    type: 3}
  m_PrefabInstance: {fileID: 6599732715206271074}
  m_PrefabAsset: {fileID: 0}
--- !u!4 &2377007877497783022 stripped
Transform:
  m_CorrespondingSourceObject: {fileID: 8892957669026652812, guid: 54dd04e102d4cd94eb9df5a2b579d8e3,
    type: 3}
  m_PrefabInstance: {fileID: 6599732715206271074}
  m_PrefabAsset: {fileID: 0}
--- !u!4 &4960012651172877890 stripped
Transform:
  m_CorrespondingSourceObject: {fileID: 2252772650034050592, guid: 54dd04e102d4cd94eb9df5a2b579d8e3,
    type: 3}
  m_PrefabInstance: {fileID: 6599732715206271074}
  m_PrefabAsset: {fileID: 0}
--- !u!4 &385424424180370004 stripped
Transform:
  m_CorrespondingSourceObject: {fileID: 6831882057311005238, guid: 54dd04e102d4cd94eb9df5a2b579d8e3,
    type: 3}
  m_PrefabInstance: {fileID: 6599732715206271074}
  m_PrefabAsset: {fileID: 0}
--- !u!4 &4729922148941392353 stripped
Transform:
  m_CorrespondingSourceObject: {fileID: 1887846975156750723, guid: 54dd04e102d4cd94eb9df5a2b579d8e3,
    type: 3}
  m_PrefabInstance: {fileID: 6599732715206271074}
  m_PrefabAsset: {fileID: 0}
--- !u!4 &6643680302205457507 stripped
Transform:
  m_CorrespondingSourceObject: {fileID: 551108182996661249, guid: 54dd04e102d4cd94eb9df5a2b579d8e3,
    type: 3}
  m_PrefabInstance: {fileID: 6599732715206271074}
  m_PrefabAsset: {fileID: 0}
--- !u!4 &7640985116883053384 stripped
Transform:
  m_CorrespondingSourceObject: {fileID: 3574959300347988778, guid: 54dd04e102d4cd94eb9df5a2b579d8e3,
    type: 3}
  m_PrefabInstance: {fileID: 6599732715206271074}
  m_PrefabAsset: {fileID: 0}
--- !u!4 &6484203294239704902 stripped
Transform:
  m_CorrespondingSourceObject: {fileID: 174076306872837924, guid: 54dd04e102d4cd94eb9df5a2b579d8e3,
    type: 3}
  m_PrefabInstance: {fileID: 6599732715206271074}
  m_PrefabAsset: {fileID: 0}
--- !u!4 &2228651430835226087 stripped
Transform:
  m_CorrespondingSourceObject: {fileID: 5006656275161638277, guid: 54dd04e102d4cd94eb9df5a2b579d8e3,
    type: 3}
  m_PrefabInstance: {fileID: 6599732715206271074}
  m_PrefabAsset: {fileID: 0}
--- !u!1 &3392042980837505484 stripped
GameObject:
  m_CorrespondingSourceObject: {fileID: 8395836629705152942, guid: 54dd04e102d4cd94eb9df5a2b579d8e3,
    type: 3}
  m_PrefabInstance: {fileID: 6599732715206271074}
  m_PrefabAsset: {fileID: 0}
--- !u!1 &3392042982016861701 stripped
GameObject:
  m_CorrespondingSourceObject: {fileID: 8395836630943671911, guid: 54dd04e102d4cd94eb9df5a2b579d8e3,
    type: 3}
  m_PrefabInstance: {fileID: 6599732715206271074}
  m_PrefabAsset: {fileID: 0}
--- !u!4 &4725061174811346956 stripped
Transform:
  m_CorrespondingSourceObject: {fileID: 1874693621915723886, guid: 54dd04e102d4cd94eb9df5a2b579d8e3,
    type: 3}
  m_PrefabInstance: {fileID: 6599732715206271074}
  m_PrefabAsset: {fileID: 0}
--- !u!4 &8496415216761072760 stripped
Transform:
  m_CorrespondingSourceObject: {fileID: 3350574148804971546, guid: 54dd04e102d4cd94eb9df5a2b579d8e3,
    type: 3}
  m_PrefabInstance: {fileID: 6599732715206271074}
  m_PrefabAsset: {fileID: 0}
--- !u!4 &2377007878352329233 stripped
Transform:
  m_CorrespondingSourceObject: {fileID: 8892957670069910131, guid: 54dd04e102d4cd94eb9df5a2b579d8e3,
    type: 3}
  m_PrefabInstance: {fileID: 6599732715206271074}
  m_PrefabAsset: {fileID: 0}
--- !u!4 &4960012651891199677 stripped
Transform:
  m_CorrespondingSourceObject: {fileID: 2252772650672713439, guid: 54dd04e102d4cd94eb9df5a2b579d8e3,
    type: 3}
  m_PrefabInstance: {fileID: 6599732715206271074}
  m_PrefabAsset: {fileID: 0}
--- !u!4 &385424423541707435 stripped
Transform:
  m_CorrespondingSourceObject: {fileID: 6831882056592683721, guid: 54dd04e102d4cd94eb9df5a2b579d8e3,
    type: 3}
  m_PrefabInstance: {fileID: 6599732715206271074}
  m_PrefabAsset: {fileID: 0}
--- !u!4 &4729922147367399710 stripped
Transform:
  m_CorrespondingSourceObject: {fileID: 1887846973796700540, guid: 54dd04e102d4cd94eb9df5a2b579d8e3,
    type: 3}
  m_PrefabInstance: {fileID: 6599732715206271074}
  m_PrefabAsset: {fileID: 0}
--- !u!4 &7909590162799878857 stripped
Transform:
  m_CorrespondingSourceObject: {fileID: 3914322592310788779, guid: 54dd04e102d4cd94eb9df5a2b579d8e3,
    type: 3}
  m_PrefabInstance: {fileID: 6599732715206271074}
  m_PrefabAsset: {fileID: 0}
--- !u!4 &7640985116015932343 stripped
Transform:
  m_CorrespondingSourceObject: {fileID: 3574959299283768277, guid: 54dd04e102d4cd94eb9df5a2b579d8e3,
    type: 3}
  m_PrefabInstance: {fileID: 6599732715206271074}
  m_PrefabAsset: {fileID: 0}
--- !u!4 &6484203295159230393 stripped
Transform:
  m_CorrespondingSourceObject: {fileID: 174076307846922203, guid: 54dd04e102d4cd94eb9df5a2b579d8e3,
    type: 3}
  m_PrefabInstance: {fileID: 6599732715206271074}
  m_PrefabAsset: {fileID: 0}
--- !u!4 &2228651431402462488 stripped
Transform:
  m_CorrespondingSourceObject: {fileID: 5006656275917585786, guid: 54dd04e102d4cd94eb9df5a2b579d8e3,
    type: 3}
  m_PrefabInstance: {fileID: 6599732715206271074}
  m_PrefabAsset: {fileID: 0}
--- !u!4 &4725061175988664261 stripped
Transform:
  m_CorrespondingSourceObject: {fileID: 1874693623152367527, guid: 54dd04e102d4cd94eb9df5a2b579d8e3,
    type: 3}
  m_PrefabInstance: {fileID: 6599732715206271074}
  m_PrefabAsset: {fileID: 0}
--- !u!4 &8496415217663710129 stripped
Transform:
  m_CorrespondingSourceObject: {fileID: 3350574149783614419, guid: 54dd04e102d4cd94eb9df5a2b579d8e3,
    type: 3}
  m_PrefabInstance: {fileID: 6599732715206271074}
  m_PrefabAsset: {fileID: 0}
--- !u!4 &2377007877172438488 stripped
Transform:
  m_CorrespondingSourceObject: {fileID: 8892957668831905210, guid: 54dd04e102d4cd94eb9df5a2b579d8e3,
    type: 3}
  m_PrefabInstance: {fileID: 6599732715206271074}
  m_PrefabAsset: {fileID: 0}
--- !u!4 &7909590164256406070 stripped
Transform:
  m_CorrespondingSourceObject: {fileID: 3914322593821874772, guid: 54dd04e102d4cd94eb9df5a2b579d8e3,
    type: 3}
  m_PrefabInstance: {fileID: 6599732715206271074}
  m_PrefabAsset: {fileID: 0}
